1790 2271
756 107 1043 151 ..18-

161 198 212 237 ita
226 199 363 251 legitur.
374 198 413 235 in
425 197 521 237 Bibl.
538 197 651 236 Coisl.
666 211 703 248 p.
717 199 809 247 ²⁸9··
826 196 869 235 C.
886 196 934 235 Ο.
948 195 1131 237 Manem
1144 199 1219 247 jam
1231 195 1475 238 adnotavit-in
1487 199 1636 249 Dor.11,

163 261 252 301 536.
280 259 514 306 Pausaniam,
547 258 612 310 qui
638 257 741 297 idem
769 269 907 301 nomen
933 256 1039 296 dedit
1055 258 1319 304 Ariona-mnia
1340 261 1464 305 πιανέ
1485 258 1555 307 N,
1572 263 1635 301 14,

161 321 317 370 p.524.,
342 319 427 358 ida
445 319 593 357 Rhiano
616 319 808 370 accepisse.
857 317 937 357 Sed
949 316 1052 357 unde
1074 317 1169 357 haec
1183 316 1332 372 Δοτηίζ
1352 318 1637 371 cognominata?

162 377 215 416 Vt
228 378 388 419 breviter
403 379 506 430 quod
519 379 637 417 sentio
654 379 833 431 aperiam,
850 380 1042 426 Dorium,
1063 378 1152 416 urbs
1165 376 1388 426 Messeniae,
1408 390 1495 421 un
1507 380 1639 430 procul

162 439 209 476 ab
221 439 394 477 Andania
409 440 537 486 situm,
563 439 643 477 aliis
661 441 830 479 Dotieam
848 438 988 477 dictum
1003 448 1070 477 est.
1097 452 1132 478 v·
1147 438 1268 476 Orum
1284 439 1324 477 in
1344 439 1372 477 l
1391 452 1425 478 c.
1439 437 1640 491 Stephani,

161 499 285 549 itaque
298 501 447 552 Δωτηὶζ
466 499 536 537 erit
556 512 601 538 et
620 500 713 537 urbe
728 498 930 537 Messenica
944 497 1059 536 Dotio
1080 511 1146 541 seu
1164 497 1285 536 Dorio
1301 497 1472 538 oriunda.
1523 497 1640 544 Quod

163 558 223 596 cui
239 569 315 597 non
329 559 470 610 placet,
489 559 523 597 ei
538 558 615 597 hoc
628 559 850 598 vocabulum
863 558 1116 603 Thessalam
1104 555 1358 614 interpretanti
1371 573 1433 605 m
1446 557 1639 609 obloquar,

162 631 278 684 quum
292 621 362 670 γῆν
380 618 559 659 Δωτιάδα
573 618 817 656 Antimachus
832 629 869 656 et
878 618 1099 669 Apollonius
1115 615 1524 656 Rhodins'ssmnham
1538 615 1639 655 dixe·

163 676 238 713 rint
251 676 351 727 apud
367 676 634 729 Stephanuml.
647 692 678 716 c.
731 677 774 715 Si
788 678 869 728 quis
885 687 1006 715 autem
1021 677 1097 715 hoc
1110 690 1247 717 nomen
1262 691 1284 715 a
1295 679 1486 725 Deleda,
1502 675 1641 716 Mes-e·

162 735 313 780 niorum
331 751 416 787 rege
436 751 480 774 ex
494 737 760 788 Aepytidarum
776 750 911 787 genere
929 738 1050 785 (Paus-
1065 751 1096 775 c.
1113 740 1149 775 5.
1166 737 1291 788 extu),
1317 736 1486 784 duceret,
1502 750 1532 775 a
1551 750 1641 788 pau·

164 795 216 833 cis
242 795 441 835 audiretur.

241 855 316 894 Hic
329 857 434 894 locus
450 856 596 896 videtur
611 857 807 908 postulare,
824 867 866 895 ut
882 856 929 910 de
938 864 1059 907 patre
1076 857 1452 895 etiamArietomnie
1465 855 1640 894 dicamus.

162 915 199 953 A
210 915 389 954 Pausania
405 930 439 955 c.
456 919 515 964 18,
535 930 568 954 a.
593 928 768 954 notantur
785 917 850 966 qui
864 915 1108 959 Aristomenis
1137 929 1192 954 res
1213 916 1507 967 magnificentius
1525 914 1643 954 extol·

163 976 264 1024 lunt,
304 987 341 1014 et
363 976 427 1027 qui
460 976 537 1014 hoc
559 975 684 1014 studio
709 975 811 1013 ducti
839 986 1050 1022 narrarunt,
1083 988 1200 1026 quum
1230 988 1251 1013 a
1275 974 1577 1014 Lacedaemonii·
1592 974 1651 1020 ¹in·

164 1035 349 1074 Caeadam
364 1036 518 1084 injectus
533 1046 646 1082 esset,
672 1050 758 1074 eum
776 1036 823 1073 ab
840 1036 979 1085 aquila,
996 1048 1098 1085 ‘quae
1118 1034 1280 1073 cadentis
1292 1047 1427 1085 corpus
1447 1035 1559 1085 passis
1572 1035 1643 1072 alis

164 1095 317 1131 subierit
338 1104 374 1132 et
394 1095 622 1141 sustinuerit,
645 1094 808 1132 delatum
828 1107 905 1132 esse
928 1094 975 1130 ad
993 1097 1069 1142 ejus
1091 1093 1254 1132 barathri
1270 1094 1343 1131 ima
1357 1094 1460 1132 omni
1479 1107 1524 1131 ax
1540 1103 1643 1145 parte

136 1145 142 1149 ⁶
162 1154 347 1205 integrum
367 1164 404 1191 et
419 1153 656 1192 incolumem.
709 1153 786 1197 Qui
801 1153 878 1191 hoc
893 1154 1019 1192 colore
1035 1153 1179 1202 poetico
1194 1153 1296 1191 illam
1310 1167 1389 1191 rem
1404 1154 1644 1201 illustrarunt,

163 1215 204 1251 in
226 1214 271 1250 iis
294 1225 372 1250 esse
396 1212 516 1262 potuit
536 1212 723 1258 Rhiauus,
755 1225 842 1251 vere
866 1225 952 1264 eum
977 1211 1088 1250 fuisse
1112 1224 1222 1249 nemo
1244 1211 1386 1250 dixerit.
1435 1212 1484 1250 Iis
1512 1209 1644 1259 autem,

165 1273 230 1324 qui
243 1271 489 1311 Aristomenis
512 1285 569 1310 res
591 1271 861 1322 splendidiores
888 1270 1045 1313 reddere
1069 1271 1307 1319 studuerunt,
1340 1272 1558 1311 accensendi
1590 1273 1643 1311 vi·

166 1334 301 1370 dentur
317 1346 393 1370 esse
413 1332 591 1368 mirabilia
607 1331 656 1368 de
673 1334 749 1378 eius
774 1332 914 1382 origine
930 1342 1116 1369 narrantes
1132 1331 1230 1381 apud
1243 1331 1459 1370 Pausaniam
1476 1345 1509 1370 c.
1531 1335 1591 1379 ι4,
1604 1335 1642 1370 5.

169 1392 220 1430 Hi
250 1392 349 1430 enim
377 1405 462 1429 cum
489 1401 605 1429 matre
635 1393 711 1440 ejus
733 1392 943 1431 ¹Nicon-lea
973 1390 1192 1429 daemonem
1219 1390 1408 1441 quendam
1436 1405 1501 1429 seu
1530 1390 1642 1429 deum

165 1454 286 1490 sumta
318 1451 488 1488 draconis
518 1451 639 1488 forma
661 1450 900 1488 concubuisse
923 1461 1184 1489 memorarunt.
1235 1451 1375 1488 Fabula
1403 1450 1492 1489 huic
1516 1451 1643 1488 similis

163 1510 439 1549 Aristodamam
463 1509 617 1547 Aratum
644 1523 664 1548 e
691 1509 852 1549 dracone
877 1510 1106 1561 concepisse,
1145 1510 1248 1547 hunc
1273 1523 1362 1549 vero
1383 1508 1643 1562 Aesculapium

166 1572 276 1610 fuisse
299 1570 453 1609 tradidit
476 1570 574 1622 apud
587 1570 803 1609 Pausaniam
820 1570 868 1618 Π,
887 1583 946 1610 ιο.
965 1585 1002 1622 p.
1020 1573 1105 1609 154.
1154 1570 1343 1609 Rhianum
1359 1580 1483 1608 tamen
1500 1569 1642 1608 Aristo-

165 1633 266 1670 meni
288 1642 430 1682 patrem
453 1631 638 1668 affinxisse‘
649 1629 929 1680 Aesculapium
955 1630 1126 1681 equidem
1150 1644 1227 1667 non
1249 1630 1491 1677 crediderim;
1526 1643 1642 1680 quum

167 1689 503 1737 enimMessenios‘
492 1703 591 1742 ipsos
601 1689 873 1729 Aristomenem
883 1688 1043 1729 Hercule
1056 1691 1117 1730 vel
1131 1689 1224 1730 Jove
1238 1690 1401 1745 genitum
1415 1682 1641 1741 praedicasse

166 1761 275 1805 neget
286 1751 481 1808 Pausanias
495 1765 529 1790 c.
548 1754 613 1799 14,
640 1750 816 1790 credibile
834 1756 911 1789 non
925 1762 996 1800 est,
1021 1752 1094 1791 tale
1111 1750 1202 1804 quid
1221 1765 1349 1790 ausum
1364 1763 1441 1790 esse
1455 1747 1642 1792 Rhianum

166 1814 324 1863 fingere,
356 1826 451 1864 quae
474 1812 571 1850 inter
592 1802 796 1850 Messenios
819 1812 978 1850 obtinuit
1001 1813 1137 1851 famam
1157 1806 1385 1858 cunctatum,
1417 1821 1460 1848 ut
1484 1810 1642 1858 videtur,
1682 1846 1685 1850 .

167 1873 323 1924 evagari.
375 1872 555 1917 Quodsi
544 1887 583 1910 ιιι
598 1871 841 1911 Aristomenis
858 1883 960 1923 patre
976 1873 1137 1921 fecisset,
1167 1872 1210 1910 id
1225 1871 1441 1910 Pausaniam
1463 1870 1571 1910 hoc
1559 1883 1640 1922 ipso

165 1932 274 1978 loce,
298 1932 364 1969 uhi
378 1932 425 1970 de
441 1932 571 1971 eadem
595 1946 636 1971 re
651 1933 834 1983 loquitur,
859 1933 1146 1985 significaturum
1161 1933 1272 1971 fuisse
1289 1932 1517 1970 arbitramur.
1568 1931 1640 1969 Ita·

165 2005 239 2043 que
265 1991 372 2043 quod
396 1991 437 2029 in
460 1991 576 2029 Anth.
598 1992 673 2030 Pal.
703 1992 748 2030 T.
766 1993 795 2030 1.
819 2008 855 2044 p.
878 2006 966 2041 277.
993 1993 1041 2031 de
1064 1995 1196 2043 Gorgo
1216 1991 1390 2044 *quodam
1414 1990 1641 2043 Asclepiadis·

165 2053 246 2090 filio
270 2052 404 2104 legitur
425 2052 821 2103 epigrammaRhiani,
848 2067 895 2091 an
920 2053 972 2092 de
989 2047 1340 2092 Aristomenis'filio
1361 2051 1640 2104 intelligendum
