1790 2271
726 107 904 146 „⁷6
980 110 1186 130 .-.

231 200 433 245 Rhianus,
467 198 536 248 qui
559 203 597 234 et
619 196 811 234 Cretensis
834 197 999 241 dicitur,
1025 196 1206 233 Benneus
1219 196 1317 244 flait.
1368 198 1478 236 Bene
1501 206 1631 238 autem

155 258 247 298 urbs
264 260 415 297 Cretae.
467 258 653 298 Nonnulli
675 269 762 293 eum
777 256 989 300 Ceraitem,
1018 257 1090 292 alii
1105 263 1235 295 autem
1243 256 1395 294 Ithome
1408 251 1630 298 Messeniae

155 319 250 356 urbe
273 319 479 355 oriundum
488 318 620 365 sitisse
638 313 863 354 narrar-iant.
913 315 995 353 Hic
1014 321 1131 355 antea
1149 317 1379 364 palaestrae
1399 324 1526 354 custos
1543 326 1630 356 erat

156 391 204 415 ac
222 388 378 423 servus,
400 383 545 426 postea
569 383 700 413 autem
720 377 844 414 literis
862 376 1063 413 institutus
1085 387 1112 410 a
1128 376 1310 425 palestra
1329 377 1385 414 ad
1397 378 1631 424 grammati·

156 451 243 475 cam
263 451 305 473 se
325 438 485 474 contulit
507 443 545 472 et
561 436 834 484 aequalisfuit
847 433 1134 472 Eratosthenis.
1187 434 1351 485 Scripsit
1361 443 1526 486 praeter
1546 436 1630 475 alia

148 501 340 547 poe'mata
354 503 392 533 et
400 497 683 533 Heracliadem
698 495 807 532 libris
817 493 892 530 IV.
942 490 1107 528 Eudocia
1130 504 1278 542 quoque
1301 492 1453 532 suidam
1475 494 1627 545 sequuta

155 555 341 592 Rhianum
362 557 664 604 grammaticum
690 555 907 594 Cretensem
934 567 980 589 ex
1006 553 1100 589 urbe
1125 553 1279 590 Cretica
1299 555 1414 591 Bena
1440 553 1546 602 dicit,
1592 555 1629 591 et

153 614 371 659 Pausaniae,
414 614 478 663 qui
495 612 561 658 IV,
583 626 614 658 1,
633 615 655 648 4
676 622 711 649 et
730 614 766 658 6,
788 625 819 647 1.
846 610 1002 649 eandem
1026 610 1172 647 Rhiauo
1193 611 1347 661 patriam
1369 613 1628 659 vindicaverat,

155 674 405 710 auctoritatem
430 675 504 722 jam
522 671 698 722 Stephani
721 670 762 708 B.
781 671 1008 720 testimonio,
1041 670 1144 724 quod
1168 680 1204 708 et
1225 669 1302 708 hoc
1324 670 1459 710 Suidae
1483 673 1567 709 loeo
1593 670 1630 710 et'

156 734 247 778 alio,
273 733 338 770 ubi
356 744 408 770 est
421 732 549 784 Βήνη,
577 732 696 780 ὄνομα
710 731 858 782 κύριον,
884 730 1022 766 firmari
1037 731 1173 780 potuit,
1198 730 1237 766 in
1254 730 1450 769 Pausaniae
1468 732 1629 770 editione

155 791 398 829 defendimus.
451 790 714 830 Valckenarius
740 789 838 826 enim
860 789 1082 844 quaesierat,
1109 803 1198 825 num
1216 790 1313 839 apud
1329 790 1542 842 Pausaniam
1556 803 1626 842 pro

155 855 323 903 Βηναῖος
340 849 540 900 legendum
557 859 650 887 esset
663 852 881 900 Λεβηναῖος.
935 841 1047 896 Cujus
1064 848 1299 897 quaestionis
1310 862 1415 886 eausa
1440 850 1532 887 latet
1551 850 1629 892 for-

153 922 246 962 tasse
269 911 308 946 in
338 923 402 955 eo,
438 909 542 958 quod
566 908 697 944 Strabo
722 908 772 953 X,
795 909 870 954 478
897 908 1001 956 (257)
1048 909 1248 946 Lebenam
1281 908 1431 958 quidem
1456 908 1630 967 Gortynis

157 969 382 1024 emporium,
403 982 583 1025 nusquam
600 966 908 1007 autemBenam
898 980 936 1002 m
953 966 1080 1005 Cretae
1095 960 1246 1013 urbibus
1263 970 1541 1023 commemorat,
1559 971 1629 1007 neo

152 1029 293 1065 Plinius
308 1028 432 1074 11,20.
456 1028 568 1064 habet
588 1027 657 1062 nisi
677 1027 878 1064 Lebenam
902 1026 1014 1074 (nunc
1032 1018 1255 1083 Liondam?)
1283 1036 1318 1081 et
1332 1028 1515 1065 Lebe'na'e
1530 1027 1629 1084 apud

153 1088 275 1141 ipsum
297 1087 519 1145 Pausaniam
525 1086 573 1132 Π,
595 1087 655 1131 26,
678 1097 711 1130 7.
736 1085 778 1120 fit
802 1085 950 1121 mentio.
1003 1077 1084 1127 Qui
1100 1084 1219 1122 nodos
1242 1076 1458 1134 conjecturis
1484 1076 1628 1124 solvere

155 1153 465 1203 consueverunt,
460 1147 625 1202 sonasse
642 1144 830 1181 Lebenam
855 1158 876 1180 a
899 1136 1001 1181 Bena
1025 1136 1206 1182 diversam
1233 1158 1310 1182 non
1335 1146 1450 1183 fuisse
1471 1147 1628 1200 'suspica-

153 1208 312 1253 buntur3
342 1196 460 1273 quo-d
481 1205 581 1242 enim
606 1203 704 1253 apud
729 1195 947 1240 Strabonem
977 1197 1023 1241 de
1047 1194 1196 1241 Lebena
1222 1194 1392 1255 legimus,
1426 1205 1525 1243 idem
1551 1206 1628 1245 fere

152 1266 361 1321 Stephanus
378 1264 436 1301 Β.“
446 1264 493 1303 de
516 1264 618 1303 Bena
639 1253 805 1318 tradidit.
837 1263 945 1316 Βήνη
970 1263 1043 1303 ὑπὸ
1066 1268 1104 1304 Γ
1099 1278 1257 1320 ορτυνην
1278 1270 1494 1318 τεταγμένη,
1529 1277 1565 1304 et
1587 1277 1628 1304 ut

152 1326 286 1363 Strabo
301 1315 513 1385 Pliniusque
531 1324 688 1371 Benam‚
705 1325 755 1361 ita
772 1315 978 1381 Stephanus
993 1323 1035 1360 B.
1038 1322 1257 1362 =⁸Lebenam
1247 1330 1424 1379 ignorat.
1441 1326 1629 1378 Lebenam'
1650 1325 1652 1333 '

153 1387 193 1423 in
214 1397 300 1436 agro
319 1376 553 1433 Gort'ynensi
561 1375 671 1421 fuisse
694 1388 844 1421 testatur
862 1385 970 1422 etiam
986 1383 1257 1421 Philostratus'
1240 1398 1285 1421 an
1306 1400 1340 1422 v.
1356 1385 1480 1439 Apol.
1483 1375 1627 1432 r-V,112

154 1445 261 1488 Quae
282 1446 490 1490 conjectura
508 1442 537 1476 si
556 1455 576 1476 a
591 1452 680 1477 vero
700 1443 848 1489 propius
868 1445 1027 1484 abesset,
1054 1442 1270 1492 diceremus
1275 1439 1432 1509 quidem
1437 1413 1628 1498 Rhiaixnm

155 1515 192 1542 et
210 1507 412 1542 Benaeum
442 1509 480 1537 et
500 1502 750 1537 Leben'aeum
780 1498 938 1547 potuisse
973 1499 1164 1554 apPellari,
1207 1499 1373 1556 nuuime
1390 1490 1509 1540 anterii
1534 1517 1627 1541 cum

154 1561 418 1606 Valckenari0‚
454 1559 552 1610 apud
576 1559 789 1595 Pausaniam
813 1557 1011 1610 Βηναῖος
1001 1572 1040 1593 ιιι
1062 1562 1269 1610 Λεβηναῖος
1299 1561 1514 1598 mutandum
1540 1577 1626 1601 esse.

154 1614 286 1660 Suidas
305 1611 427 1676 addit,
462 1620 662 1656 nonnullos
680 1618 867 1655 Rhianum
885 1619 1078 1656 Cerai‘tem
1103 1633 1178 1656 esse
1202 1619 1378 1670 voluisse3
1414 1612 1516 1674 quod
1537 1622 1627 1674 quid

154 1684 219 1728 sit,
245 1673 434 1719 Strabonis
454 1679 617 1724 loeusX,
628 1679 704 1725 476
723 1679 811 1727 (259
824 1679 889 1729 sq.)
910 1677 1035 1724 docet,
1061 1679 1125 1732 ubi
1142 1667 1306 1718 Cnossus
1322 1683 1426 1718 antea
1440 1682 1635 1737 Καίρᾱτος

156 1741 291 1791 (media
314 1740 494 1793 producta
514 1754 548 1776 v.
566 1739 707 1774 callim.
731 1738 769 1774 h:
788 1738 826 1774 iu
842 1737 949 1775 Dian.
968 1728 1043 1802 44..)
1068 1739 1271 1786 nominata,
1295 1740 1474 1793 idemque
1491 1742 1626 1780 nomen

153 1802 268 1843 fluvio
284 1798 580 1850 praeterlabenti
577 1796 692 1836 fuisse
710 1797 852 1844 dicitur.
905 1797 958 1834 At
973 1798 1048 1835 ιιόιι
1064 1799 1203 1837 modo
1194 1814 1232 1836 ln
1247 1795 1447 1841 Strabonis
1452 1801 1510 1838 ed.
1515 1800 1626 1838 Basi-

153 1861 271 1901 leensi
295 1870 331 1896 et
351 1861 391 1896 in
417 1860 574 1910 epitome
602 1873 636 1908 p.
652 1860 734 1894 156.
758 1841 876 1894 Huds.
900 1872 1028 1896 verum
1051 1855 1160 1896 etiam
1182 1859 1221 1895 in
1228 1858 1431 1896 omuibus
1440 1859 1625 1905 Strabonis

153 1921 258 1959 libris
273 1929 363 1957 teste
372 1918 600 1956 Tzschuckio
619 1922 785 1970 Κέρατος
799 1918 931 1969 legitur
949 1920 1013 1956 seu
1026 1914 1210 1971 Κεοατός,
1233 1928 1268 1956 et
1281 1918 1369 1957 inde
1385 1919 1518 1970 gentile
1535 1932 1626 1960 esset

155 1984 347 2032 Κεραίῑ-ης.
399 1977 476 2015 Sed
493 1979 521 2014 si
538 1978 638 2014 urbis
654 1982 790 2015 nomeu
813 1978 882 2015 fuit
895 1982 1080 2030 Κέραῑος,
1110 1976 1154 2016 ex
1170 1991 1213 2015 eo
1230 1978 1463 2017 formandum·
1482 1982 1551 2018 fuit
1566 1982 1626 2022 vel

157 2039 355 2091 Κεράτως,
382 2049 423 2076 ιιι
442 2036 540 2089 apud
555 2037 798 2088 Hesychium,
824 2037 999 2091 Κεράτιοι
1015 2042 1052 2081 οἱ
1066 2036 1249 2087 Κνώσιοι,
1275 2038 1334 2079 vel
1350 2038 1564 2093 Κεράτειὸς,·
1583 2051 1625 2079 ut
