<?xml version="1.0" encoding="UTF-8"?>
<!DOCTYPE html PUBLIC "-//W3C//DTD XHTML 1.0 Transitional//EN"
    "http://www.w3.org/TR/xhtml1/DTD/xhtml1-transitional.dtd">
<html xmlns="http://www.w3.org/1999/xhtml" xml:lang="en" lang="en">
 <head>
  <title>
</title>
<meta http-equiv="Content-Type" content="text/html;charset=utf-8" />
  <meta name='ocr-system' content='tesseract 3.04.00' />
  <meta name='ocr-capabilities' content='ocr_page ocr_carea ocr_par ocr_line ocrx_word'/>
</head>
<body>
  <div class='ocr_page' id='page_1' title='image "4737415_0013.png"; bbox 0 0 1790 2271; ppageno 0'>
   <div class='ocr_carea' id='block_1_1' title="bbox 745 92 1028 131">
    <p class='ocr_par' dir='ltr' id='par_1_1' title="bbox 745 92 1028 131">
     <span class='ocr_line' id='line_1_1' title="bbox 745 92 1028 131; baseline 0.004 -15"><span class='ocrx_word' id='word_1_1' title='bbox 745 92 1028 131; x_wconf 83' lang='lat'>...7-</span> 
     </span>
    </p>
   </div>
   <div class='ocr_carea' id='block_1_2' title="bbox 143 177 1625 767">
    <p class='ocr_par' dir='ltr' id='par_1_2' title="bbox 143 177 1625 767">
     <span class='ocr_line' id='line_1_2' title="bbox 148 177 1625 233; baseline -0.003 -12"><span class='ocrx_word' id='word_1_2' title='bbox 148 184 193 221; x_wconf 76' lang='lat' dir='ltr'><strong>in</strong></span> <span class='ocrx_word' id='word_1_3' title='bbox 209 180 339 233; x_wconf 77' lang='lat' dir='ltr'><strong>virgil.</strong></span> <span class='ocrx_word' id='word_1_4' title='bbox 360 180 433 218; x_wconf 79' lang='lat' dir='ltr'><strong>cir.</strong></span> <span class='ocrx_word' id='word_1_5' title='bbox 457 181 547 224; x_wconf 75' lang='lat'>115,</span> <span class='ocrx_word' id='word_1_6' title='bbox 564 179 793 224; x_wconf 69' lang='lat' dir='ltr'><strong>Caeratea,</strong></span> <span class='ocrx_word' id='word_1_7' title='bbox 816 179 886 217; x_wconf 77' lang='lat' dir='ltr'><strong>&#39;vel</strong></span> <span class='ocrx_word' id='word_1_8' title='bbox 903 182 1121 231; x_wconf 73' lang='grc' dir='ltr'><strong><em>Κερατίτης.</em></strong></span> <span class='ocrx_word' id='word_1_9' title='bbox 1179 178 1364 230; x_wconf 85' lang='lat' dir='ltr'><strong>Equidem</strong></span> <span class='ocrx_word' id='word_1_10' title='bbox 1389 191 1466 217; x_wconf 88' lang='lat' dir='ltr'><strong>non</strong></span> <span class='ocrx_word' id='word_1_11' title='bbox 1492 177 1625 226; x_wconf 72' lang='lat' dir='ltr'><strong>habeo,</strong></span> 
     </span>
     <span class='ocr_line' id='line_1_3' title="bbox 147 233 1625 293; baseline -0.004 -12"><span class='ocrx_word' id='word_1_12' title='bbox 147 255 227 293; x_wconf 81' lang='lat' dir='ltr'><strong>quo</strong></span> <span class='ocrx_word' id='word_1_13' title='bbox 242 242 344 280; x_wconf 83' lang='lat' dir='ltr'><strong>illam</strong></span> <span class='ocrx_word' id='word_1_14' title='bbox 365 240 475 288; x_wconf 79' lang='lat' dir='ltr'><strong>hujus</strong></span> <span class='ocrx_word' id='word_1_15' title='bbox 492 237 643 291; x_wconf 77' lang='lat' dir='ltr'><strong>gentilis</strong></span> <span class='ocrx_word' id='word_1_16' title='bbox 658 238 814 275; x_wconf 82' lang='lat' dir='ltr'><strong>formam</strong></span> <span class='ocrx_word' id='word_1_17' title='bbox 836 248 958 284; x_wconf 88' lang='lat' dir='ltr'><strong>tuear,</strong></span> <span class='ocrx_word' id='word_1_18' title='bbox 990 239 1019 276; x_wconf 88' lang='lat' dir='ltr'><strong>si</strong></span> <span class='ocrx_word' id='word_1_19' title='bbox 1035 239 1184 289; x_wconf 87' lang='lat' dir='ltr'><strong>thlipsin</strong></span> <span class='ocrx_word' id='word_1_20' title='bbox 1207 233 1337 288; x_wconf 83' lang='lat' dir='ltr'><strong>prioris</strong></span> <span class='ocrx_word' id='word_1_21' title='bbox 1353 255 1394 286; x_wconf 80' lang='grc' dir='ltr'><strong>τ,</strong></span> <span class='ocrx_word' id='word_1_22' title='bbox 1436 239 1554 290; x_wconf 79' lang='lat' dir='ltr'><strong>qualis</strong></span> <span class='ocrx_word' id='word_1_23' title='bbox 1572 250 1625 276; x_wconf 83' lang='lat' dir='ltr'><strong>est</strong></span> 
     </span>
     <span class='ocr_line' id='line_1_4' title="bbox 148 296 1624 354; baseline -0.005 -13"><span class='ocrx_word' id='word_1_24' title='bbox 148 301 191 341; x_wconf 89' lang='lat' dir='ltr'><strong>in</strong></span> <span class='ocrx_word' id='word_1_25' title='bbox 212 307 344 354; x_wconf 69' lang='grc' dir='ltr'><strong><em>κέραος</em></strong></span> <span class='ocrx_word' id='word_1_26' title='bbox 366 309 403 340; x_wconf 81' lang='lat' dir='ltr'><strong>et</strong></span> <span class='ocrx_word' id='word_1_27' title='bbox 428 297 623 349; x_wconf 80' lang='lat' dir='ltr'><strong>similibus,</strong></span> <span class='ocrx_word' id='word_1_28' title='bbox 649 297 744 334; x_wconf 79' lang='lat' dir='ltr'><strong>nolis</strong></span> <span class='ocrx_word' id='word_1_29' title='bbox 774 296 974 334; x_wconf 84' lang='lat' dir='ltr'>admittere.</span> <span class='ocrx_word' id='word_1_30' title='bbox 1026 297 1101 335; x_wconf 88' lang='lat' dir='ltr'><strong>Sed</strong></span> <span class='ocrx_word' id='word_1_31' title='bbox 1123 299 1190 336; x_wconf 85' lang='lat' dir='ltr'><strong>erit</strong></span> <span class='ocrx_word' id='word_1_32' title='bbox 1206 299 1356 336; x_wconf 81' lang='lat' dir='ltr'><strong>fortasse</strong></span> <span class='ocrx_word' id='word_1_33' title='bbox 1380 299 1445 349; x_wconf 88' lang='lat' dir='ltr'><strong>qui</strong></span> <span class='ocrx_word' id='word_1_34' title='bbox 1464 298 1624 336; x_wconf 79' lang='lat' dir='ltr'><strong>Cnosios</strong></span> 
     </span>
     <span class='ocr_line' id='line_1_5' title="bbox 147 356 1621 409; baseline -0.003 -10"><span class='ocrx_word' id='word_1_35' title='bbox 147 361 315 402; x_wconf 72' lang='lat' dir='ltr'><strong>-Geratios</strong></span> <span class='ocrx_word' id='word_1_36' title='bbox 330 358 392 398; x_wconf 83' lang='lat' dir='ltr'><strong>vel</strong></span> <span class='ocrx_word' id='word_1_37' title='bbox 403 357 566 398; x_wconf 29' lang='lat' dir='ltr'><strong>*ceratus</strong></span> <span class='ocrx_word' id='word_1_38' title='bbox 582 356 749 394; x_wconf 49' lang='lat' dir='ltr'><strong>malitsde</strong></span> <span class='ocrx_word' id='word_1_39' title='bbox 771 357 952 395; x_wconf 80' lang='lat' dir='ltr'><strong>vocabulo</strong></span> <span class='ocrx_word' id='word_1_40' title='bbox 968 361 1118 409; x_wconf 79' lang='grc' dir='ltr'><strong><em>κέρατος</em></strong></span> <span class='ocrx_word' id='word_1_41' title='bbox 1141 358 1182 395; x_wconf 91' lang='lat' dir='ltr'><strong>id</strong></span> <span class='ocrx_word' id='word_1_42' title='bbox 1200 368 1253 396; x_wconf 80' lang='lat' dir='ltr'><strong>est</strong></span> <span class='ocrx_word' id='word_1_43' title='bbox 1268 357 1456 409; x_wconf 83' lang='lat' dir='ltr'><strong>Hesychio</strong></span> <span class='ocrx_word' id='word_1_44' title='bbox 1471 369 1509 397; x_wconf 85' lang='lat' dir='ltr'><strong>et</strong></span> <span class='ocrx_word' id='word_1_45' title='bbox 1523 358 1621 395; x_wconf 82' lang='lat' dir='ltr'><strong>Pha-</strong></span> 
     </span>
     <span class='ocr_line' id='line_1_6' title="bbox 147 413 1622 470; baseline -0.003 -11"><span class='ocrx_word' id='word_1_46' title='bbox 147 420 283 460; x_wconf 82' lang='lat' dir='ltr'><strong>-vorino</strong></span> <span class='ocrx_word' id='word_1_47' title='bbox 298 416 555 468; x_wconf 82' lang='lat' dir='ltr'><strong>interpretibus</strong></span> <span class='ocrx_word' id='word_1_48' title='bbox 570 415 706 469; x_wconf 79' lang='grc' dir='ltr'><strong><em>φυτὸν,</em></strong></span> <span class='ocrx_word' id='word_1_49' title='bbox 731 413 763 467; x_wconf 69' lang='grc' dir='ltr'><strong><em>ᾧ</em></strong></span> <span class='ocrx_word' id='word_1_50' title='bbox 777 415 872 470; x_wconf 82' lang='grc' dir='ltr'><strong><em>πρὸς</em></strong></span> <span class='ocrx_word' id='word_1_51' title='bbox 887 415 934 456; x_wconf 81' lang='grc' dir='ltr'><strong>τὰ</strong></span> <span class='ocrx_word' id='word_1_52' title='bbox 948 415 1035 463; x_wconf 82' lang='grc' dir='ltr'>τόξα</span> <span class='ocrx_word' id='word_1_53' title='bbox 1051 421 1207 469; x_wconf 76' lang='grc' dir='ltr'><strong><em>ἐχρῶντο</em></strong></span> <span class='ocrx_word' id='word_1_54' title='bbox 1223 418 1422 469; x_wconf 85' lang='lat' dir='ltr'><strong>appellatos</strong></span> <span class='ocrx_word' id='word_1_55' title='bbox 1439 431 1535 464; x_wconf 85' lang='lat' dir='ltr'><strong>esse,</strong></span> <span class='ocrx_word' id='word_1_56' title='bbox 1551 430 1622 468; x_wconf 85' lang='lat' dir='ltr'><strong>pro</strong></span> 
     </span>
     <span class='ocr_line' id='line_1_7' title="bbox 152 476 1622 528; baseline -0.003 -11"><span class='ocrx_word' id='word_1_57' title='bbox 152 478 407 528; x_wconf 75' lang='lat' dir='ltr'><strong>suaopinione</strong></span> <span class='ocrx_word' id='word_1_58' title='bbox 416 476 558 514; x_wconf 80' lang='lat' dir='ltr'><strong>Cn‘osiis</strong></span> <span class='ocrx_word' id='word_1_59' title='bbox 575 483 808 527; x_wconf 78' lang='lat' dir='ltr'>propugnans</span> <span class='ocrx_word' id='word_1_60' title='bbox 824 477 997 524; x_wconf 78' lang='lat' dir='ltr'><strong>arcubus3</strong></span> <span class='ocrx_word' id='word_1_61' title='bbox 1023 491 1229 527; x_wconf 86' lang='lat' dir='ltr'><strong>quanquam</strong></span> <span class='ocrx_word' id='word_1_62' title='bbox 1244 477 1415 528; x_wconf 84' lang='lat' dir='ltr'><strong>equidem</strong></span> <span class='ocrx_word' id='word_1_63' title='bbox 1432 478 1556 515; x_wconf 85' lang='lat' dir='ltr'><strong>neseio</strong></span> <span class='ocrx_word' id='word_1_64' title='bbox 1576 491 1622 514; x_wconf 87' lang='lat' dir='ltr'><strong>an</strong></span> 
     </span>
     <span class='ocr_line' id='line_1_8' title="bbox 150 535 1621 590; baseline -0.001 -14"><span class='ocrx_word' id='word_1_65' title='bbox 150 537 375 590; x_wconf 76' lang='lat' dir='ltr'>probabilior</span> <span class='ocrx_word' id='word_1_66' title='bbox 383 537 429 574; x_wconf 85' lang='lat' dir='ltr'><strong>sit</strong></span> <span class='ocrx_word' id='word_1_67' title='bbox 436 536 544 585; x_wconf 85' lang='lat' dir='ltr'><strong>hujus</strong></span> <span class='ocrx_word' id='word_1_68' title='bbox 551 536 709 573; x_wconf 79' lang='lat' dir='ltr'><strong>nominis</strong></span> <span class='ocrx_word' id='word_1_69' title='bbox 719 535 896 574; x_wconf 79' lang='lat' dir='ltr'><strong>derivatio</strong></span> <span class='ocrx_word' id='word_1_70' title='bbox 906 551 927 573; x_wconf 92' lang='lat' dir='ltr'><strong>a</strong></span> <span class='ocrx_word' id='word_1_71' title='bbox 936 540 1045 588; x_wconf 77' lang='grc' dir='ltr'><strong><em>κέρας</em></strong></span> <span class='ocrx_word' id='word_1_72' title='bbox 1057 551 1182 582; x_wconf 65' lang='lat' dir='ltr'><strong>arcu-9,</strong></span> <span class='ocrx_word' id='word_1_73' title='bbox 1193 548 1235 574; x_wconf 91' lang='lat' dir='ltr'><strong>ut</strong></span> <span class='ocrx_word' id='word_1_74' title='bbox 1243 538 1315 574; x_wconf 88' lang='lat' dir='ltr'><strong>sint</strong></span> <span class='ocrx_word' id='word_1_75' title='bbox 1326 542 1415 589; x_wconf 76' lang='grc' dir='ltr'><strong><em>κέρᾳ</em></strong></span> <span class='ocrx_word' id='word_1_76' title='bbox 1427 537 1621 589; x_wconf 74' lang='grc' dir='ltr'><strong>χρώμενοι,</strong></span> 
     </span>
     <span class='ocr_line' id='line_1_9' title="bbox 150 594 1623 648; baseline -0.003 -10"><span class='ocrx_word' id='word_1_77' title='bbox 150 599 301 644; x_wconf 68' lang='grc' dir='ltr'><strong>ἔνδοξοι,</strong></span> <span class='ocrx_word' id='word_1_78' title='bbox 314 600 527 647; x_wconf 72' lang='lat' dir='ltr'><strong>sagittarii,</strong></span> <span class='ocrx_word' id='word_1_79' title='bbox 544 596 636 633; x_wconf 86' lang='lat' dir='ltr'><strong>sicut</strong></span> <span class='ocrx_word' id='word_1_80' title='bbox 651 600 742 648; x_wconf 78' lang='grc' dir='ltr'><strong><em>κέρᾳ</em></strong></span> <span class='ocrx_word' id='word_1_81' title='bbox 759 594 1063 644; x_wconf 73' lang='grc' dir='ltr'><strong>ἅγλαοςΗοιιι.Π.</strong></span> <span class='ocrx_word' id='word_1_82' title='bbox 1073 595 1139 641; x_wconf 88' lang='lat' dir='ltr'><strong>XI,</strong></span> <span class='ocrx_word' id='word_1_83' title='bbox 1154 598 1240 633; x_wconf 83' lang='lat'>585.</span> <span class='ocrx_word' id='word_1_84' title='bbox 1254 596 1338 633; x_wconf 84' lang='lat' dir='ltr'><strong>add.</strong></span> <span class='ocrx_word' id='word_1_85' title='bbox 1346 597 1412 643; x_wconf 87' lang='lat' dir='ltr'><strong>IV,</strong></span> <span class='ocrx_word' id='word_1_86' title='bbox 1427 610 1511 645; x_wconf 84' lang='lat'><strong>¹09·</strong></span> <span class='ocrx_word' id='word_1_87' title='bbox 1538 596 1623 633; x_wconf 93' lang='lat' dir='ltr'><strong>Hoc</strong></span> 
     </span>
     <span class='ocr_line' id='line_1_10' title="bbox 143 655 1622 710; baseline -0.001 -16"><span class='ocrx_word' id='word_1_88' title='bbox 143 657 271 710; x_wconf 77' lang='lat' dir='ltr'><strong>ipsum</strong></span> <span class='ocrx_word' id='word_1_89' title='bbox 285 667 425 703; x_wconf 80' lang='lat' dir='ltr'><strong>autem,</strong></span> <span class='ocrx_word' id='word_1_90' title='bbox 459 656 645 693; x_wconf 82' lang='lat' dir='ltr'><strong>Rhianum</strong></span> <span class='ocrx_word' id='word_1_91' title='bbox 663 669 685 692; x_wconf 89' lang='lat' dir='ltr'><strong>a</strong></span> <span class='ocrx_word' id='word_1_92' title='bbox 699 656 886 693; x_wconf 85' lang='lat' dir='ltr'>nonnullis</span> <span class='ocrx_word' id='word_1_93' title='bbox 903 655 1085 692; x_wconf 84' lang='lat' dir='ltr'><strong>Cera&#39;item</strong></span> <span class='ocrx_word' id='word_1_94' title='bbox 1103 669 1168 692; x_wconf 87' lang='lat' dir='ltr'><strong>seu</strong></span> <span class='ocrx_word' id='word_1_95' title='bbox 1183 655 1358 693; x_wconf 84' lang='lat' dir='ltr'><strong>Gnosium</strong></span> <span class='ocrx_word' id='word_1_96' title='bbox 1378 655 1515 692; x_wconf 90' lang='lat' dir='ltr'><strong>dictum</strong></span> <span class='ocrx_word' id='word_1_97' title='bbox 1534 669 1622 702; x_wconf 87' lang='lat' dir='ltr'><strong>esse,</strong></span> 
     </span>
     <span class='ocr_line' id='line_1_11' title="bbox 145 713 1623 767; baseline -0.001 -11"><span class='ocrx_word' id='word_1_98' title='bbox 145 717 344 763; x_wconf 69' lang='lat' dir='ltr'><strong>,confirmat</strong></span> <span class='ocrx_word' id='word_1_99' title='bbox 365 715 572 766; x_wconf 82' lang='lat' dir='ltr'><strong>Stephanus</strong></span> <span class='ocrx_word' id='word_1_100' title='bbox 595 714 637 751; x_wconf 87' lang='lat' dir='ltr'><strong>B.</strong></span> <span class='ocrx_word' id='word_1_101' title='bbox 654 729 688 753; x_wconf 89' lang='lat' dir='ltr'><strong>v</strong></span> <span class='ocrx_word' id='word_1_102' title='bbox 702 714 811 767; x_wconf 82' lang='grc' dir='ltr'><strong><em>Βήνη</em></strong></span> <span class='ocrx_word' id='word_1_103' title='bbox 826 714 885 751; x_wconf 83' lang='lat' dir='ltr'><strong>his</strong></span> <span class='ocrx_word' id='word_1_104' title='bbox 909 715 1044 752; x_wconf 83' lang='lat' dir='ltr'><strong>verbis:</strong></span> <span class='ocrx_word' id='word_1_105' title='bbox 1078 714 1224 762; x_wconf 79' lang='grc' dir='ltr'><strong>Ῥιανὸς</strong></span> <span class='ocrx_word' id='word_1_106' title='bbox 1244 715 1265 753; x_wconf 86' lang='grc' dir='ltr'><strong><em>ὁ</em></strong></span> <span class='ocrx_word' id='word_1_107' title='bbox 1287 713 1445 766; x_wconf 83' lang='grc' dir='ltr'><strong>ποιητὴς</strong></span> <span class='ocrx_word' id='word_1_108' title='bbox 1457 716 1623 766; x_wconf 80' lang='grc' dir='ltr'><strong><em>Βηναῖος</em></strong></span> 
     </span>
    </p>
   </div>
   <div class='ocr_carea' id='block_1_3' title="bbox 74 771 1622 834">
    <p class='ocr_par' dir='ltr' id='par_1_3' title="bbox 74 771 1622 834">
     <span class='ocr_line' id='line_1_12' title="bbox 74 771 1622 834; baseline -0.004 -18"><span class='ocrx_word' id='word_1_109' title='bbox 74 790 83 797; x_wconf 79' lang='lat'><strong><em>‘</em></strong></span> <span class='ocrx_word' id='word_1_110' title='bbox 149 771 204 828; x_wconf 78' lang='grc' dir='ltr'><strong>ἦν·</strong></span> <span class='ocrx_word' id='word_1_111' title='bbox 212 775 240 828; x_wconf 80' lang='grc' dir='ltr'><em>ἢ</em></span> <span class='ocrx_word' id='word_1_112' title='bbox 264 775 448 834; x_wconf 66' lang='grc' dir='ltr'><strong>Κερεάτης</strong></span> <span class='ocrx_word' id='word_1_113' title='bbox 468 776 495 827; x_wconf 80' lang='grc' dir='ltr'><em>ἢ</em></span> <span class='ocrx_word' id='word_1_114' title='bbox 517 774 629 826; x_wconf 80' lang='grc' dir='ltr'><strong><em>Κρής·</em></strong></span> <span class='ocrx_word' id='word_1_115' title='bbox 655 774 759 824; x_wconf 90' lang='lat' dir='ltr'><strong>quod</strong></span> <span class='ocrx_word' id='word_1_116' title='bbox 772 787 849 811; x_wconf 87' lang='lat' dir='ltr'><strong>non</strong></span> <span class='ocrx_word' id='word_1_117' title='bbox 871 774 942 811; x_wconf 78' lang='lat' dir='ltr'><strong>fuit</strong></span> <span class='ocrx_word' id='word_1_118' title='bbox 959 773 1250 821; x_wconf 71' lang='lat' dir='ltr'><strong>sollicitandum,</strong></span> <span class='ocrx_word' id='word_1_119' title='bbox 1277 788 1391 823; x_wconf 91' lang='lat' dir='ltr'><strong>quum</strong></span> <span class='ocrx_word' id='word_1_120' title='bbox 1407 787 1532 811; x_wconf 87' lang='lat' dir='ltr'><strong>sensus</strong></span> <span class='ocrx_word' id='word_1_121' title='bbox 1556 774 1622 810; x_wconf 86' lang='lat' dir='ltr'><strong>sit:</strong></span> 
     </span>
    </p>
   </div>
   <div class='ocr_carea' id='block_1_4' title="bbox 106 831 1656 1715">
    <p class='ocr_par' dir='ltr' id='par_1_4' title="bbox 148 831 1624 1121">
     <span class='ocr_line' id='line_1_13' title="bbox 149 831 1624 883; baseline -0.001 -12"><span class='ocrx_word' id='word_1_122' title='bbox 149 831 330 874; x_wconf 62' lang='lat' dir='ltr'><strong>Baianus</strong></span> <span class='ocrx_word' id='word_1_123' title='bbox 339 837 521 871; x_wconf 69' lang='lat' dir='ltr'><strong>Benacus</strong></span> <span class='ocrx_word' id='word_1_124' title='bbox 526 836 614 882; x_wconf 79' lang='lat' dir='ltr'><strong>fuit</strong></span> <span class='ocrx_word' id='word_1_125' title='bbox 625 835 690 871; x_wconf 80' lang='lat' dir='ltr'><strong>vel</strong></span> <span class='ocrx_word' id='word_1_126' title='bbox 695 834 875 870; x_wconf 71' lang='lat' dir='ltr'><strong>oeream</strong></span> <span class='ocrx_word' id='word_1_127' title='bbox 886 834 952 870; x_wconf 83' lang='lat' dir='ltr'><strong>vel</strong></span> <span class='ocrx_word' id='word_1_128' title='bbox 962 835 1190 882; x_wconf 73' lang='lat' dir='ltr'><strong>simpliciter·</strong></span> <span class='ocrx_word' id='word_1_129' title='bbox 1198 834 1412 870; x_wconf 66' lang='lat' dir='ltr'><strong>Cretensis·-</strong></span> <span class='ocrx_word' id='word_1_130' title='bbox 1394 861 1408 880; x_wconf 90' lang='lat'><em>,</em></span> <span class='ocrx_word' id='word_1_131' title='bbox 1427 832 1624 883; x_wconf 87' lang='lat' dir='ltr'><strong>legendum</strong></span> 
     </span>
     <span class='ocr_line' id='line_1_14' title="bbox 148 890 1624 944; baseline 0.001 -15"><span class='ocrx_word' id='word_1_132' title='bbox 148 902 272 929; x_wconf 84' lang='lat' dir='ltr'><strong>tamen</strong></span> <span class='ocrx_word' id='word_1_133' title='bbox 293 891 439 929; x_wconf 87' lang='lat' dir='ltr'><strong>videtur</strong></span> <span class='ocrx_word' id='word_1_134' title='bbox 462 890 663 944; x_wconf 75' lang='grc' dir='ltr'><strong><em>Κεραῖτης,</em></strong></span> <span class='ocrx_word' id='word_1_135' title='bbox 690 892 760 928; x_wconf 86' lang='lat' dir='ltr'><strong>nisi</strong></span> <span class='ocrx_word' id='word_1_136' title='bbox 780 905 918 938; x_wconf 86' lang='lat' dir='ltr'><strong>sumas,</strong></span> <span class='ocrx_word' id='word_1_137' title='bbox 944 905 965 927; x_wconf 89' lang='lat' dir='ltr'><strong>a</strong></span> <span class='ocrx_word' id='word_1_138' title='bbox 986 892 1188 929; x_wconf 86' lang='lat' dir='ltr'><strong>foeminino</strong></span> <span class='ocrx_word' id='word_1_139' title='bbox 1213 891 1313 928; x_wconf 86' lang='lat' dir='ltr'><strong>urbis</strong></span> <span class='ocrx_word' id='word_1_140' title='bbox 1338 892 1486 929; x_wconf 89' lang='lat' dir='ltr'><strong>nomine</strong></span> <span class='ocrx_word' id='word_1_141' title='bbox 1502 895 1624 942; x_wconf 78' lang='grc' dir='ltr'><strong><em>Κερέα</em></strong></span> 
     </span>
     <span class='ocr_line' id='line_1_15' title="bbox 149 950 1623 1003; baseline -0.001 -14.999"><span class='ocrx_word' id='word_1_142' title='bbox 149 950 302 1003; x_wconf 84' lang='lat' dir='ltr'><strong>ductum</strong></span> <span class='ocrx_word' id='word_1_143' title='bbox 319 964 395 988; x_wconf 85' lang='lat' dir='ltr'><strong>esse</strong></span> <span class='ocrx_word' id='word_1_144' title='bbox 409 950 506 987; x_wconf 92' lang='lat' dir='ltr'><strong>illud</strong></span> <span class='ocrx_word' id='word_1_145' title='bbox 519 951 664 1001; x_wconf 84' lang='lat' dir='ltr'><strong>gentile.</strong></span> <span class='ocrx_word' id='word_1_146' title='bbox 715 950 788 986; x_wconf 86' lang='lat' dir='ltr'><strong>Pro</strong></span> <span class='ocrx_word' id='word_1_147' title='bbox 804 950 963 1001; x_wconf 69' lang='grc' dir='ltr'><em>Ἰθώμης</em></span> <span class='ocrx_word' id='word_1_148' title='bbox 980 950 1078 1000; x_wconf 90' lang='lat' dir='ltr'><strong>apud</strong></span> <span class='ocrx_word' id='word_1_149' title='bbox 1095 951 1248 999; x_wconf 88' lang='lat' dir='ltr'><strong>Suidam</strong></span> <span class='ocrx_word' id='word_1_150' title='bbox 1263 961 1368 988; x_wconf 89' lang='lat' dir='ltr'><strong>antea</strong></span> <span class='ocrx_word' id='word_1_151' title='bbox 1381 952 1510 989; x_wconf 81' lang='lat' dir='ltr'><strong>vitiose</strong></span> <span class='ocrx_word' id='word_1_152' title='bbox 1526 951 1623 1000; x_wconf 84' lang='lat' dir='ltr'><strong>lege-</strong></span> 
     </span>
     <span class='ocr_line' id='line_1_16' title="bbox 148 996 1623 1065; baseline -0.001 -19"><span class='ocrx_word' id='word_1_153' title='bbox 148 1009 272 1046; x_wconf 87' lang='lat' dir='ltr'><strong>batur’</strong></span> <span class='ocrx_word' id='word_1_154' title='bbox 266 1008 427 1061; x_wconf 60' lang='lat' dir='ltr'><strong>fficium,</strong></span> <span class='ocrx_word' id='word_1_155' title='bbox 446 1010 485 1045; x_wconf 90' lang='lat' dir='ltr'><strong>in</strong></span> <span class='ocrx_word' id='word_1_156' title='bbox 503 1022 578 1059; x_wconf 88' lang='lat' dir='ltr'><strong>quo</strong></span> <span class='ocrx_word' id='word_1_157' title='bbox 593 1009 812 1046; x_wconf 88' lang='lat' dir='ltr'><strong>illustrando</strong></span> <span class='ocrx_word' id='word_1_158' title='bbox 827 1023 870 1046; x_wconf 84' lang='lat' dir='ltr'><strong>ac</strong></span> <span class='ocrx_word' id='word_1_159' title='bbox 886 1008 1122 1065; x_wconf 79' lang='lat' dir='ltr'><strong>defendendo</strong></span> <span class='ocrx_word' id='word_1_160' title='bbox 1134 996 1323 1048; x_wconf 81' lang='lat' dir='ltr'><strong>Berkelius</strong></span> <span class='ocrx_word' id='word_1_161' title='bbox 1337 1009 1385 1047; x_wconf 91' lang='lat' dir='ltr'><strong>ad</strong></span> <span class='ocrx_word' id='word_1_162' title='bbox 1394 1008 1623 1059; x_wconf 85' lang='lat' dir='ltr'><strong>Stephanum</strong></span> 
     </span>
     <span class='ocr_line' id='line_1_17' title="bbox 149 1061 1621 1137; baseline -0.003 -28"><span class='ocrx_word' id='word_1_163' title='bbox 149 1082 184 1111; x_wconf 79' lang='lat' dir='ltr'><strong>v-</strong></span> <span class='ocrx_word' id='word_1_164' title='bbox 199 1068 329 1121; x_wconf 57' lang='lat' dir='ltr'><strong>zadun</strong></span> <span class='ocrx_word' id='word_1_165' title='bbox 354 1081 501 1119; x_wconf 82' lang='lat' dir='ltr'><strong>operam</strong></span> <span class='ocrx_word' id='word_1_166' title='bbox 519 1068 697 1118; x_wconf 83' lang='lat' dir='ltr'><strong>perdidit3</strong></span> <span class='ocrx_word' id='word_1_167' title='bbox 731 1068 921 1107; x_wconf 88' lang='lat' dir='ltr'><strong>hominem</strong></span> <span class='ocrx_word' id='word_1_168' title='bbox 937 1061 1077 1116; x_wconf 81' lang='lat' dir='ltr'><strong>autem,</strong></span> <span class='ocrx_word' id='word_1_169' title='bbox 1103 1070 1167 1137; x_wconf 79' lang='lat' dir='ltr'><strong>qui</strong></span> <span class='ocrx_word' id='word_1_170' title='bbox 1184 1070 1451 1108; x_wconf 85' lang='lat' dir='ltr'><strong>Messeniorum</strong></span> <span class='ocrx_word' id='word_1_171' title='bbox 1469 1083 1525 1106; x_wconf 88' lang='lat' dir='ltr'><strong>res</strong></span> <span class='ocrx_word' id='word_1_172' title='bbox 1544 1083 1621 1105; x_wconf 89' lang='lat' dir='ltr'><strong>car-</strong></span> 
     </span>
    </p>

    <p class='ocr_par' dir='ltr' id='par_1_5' title="bbox 106 1127 1656 1657">
     <span class='ocr_line' id='line_1_18' title="bbox 149 1127 1622 1178; baseline 0 -13"><span class='ocrx_word' id='word_1_173' title='bbox 149 1129 250 1165; x_wconf 81' lang='lat' dir='ltr'><strong>mine</strong></span> <span class='ocrx_word' id='word_1_174' title='bbox 264 1137 502 1178; x_wconf 79' lang='lat' dir='ltr'><strong>persequutus</strong></span> <span class='ocrx_word' id='word_1_175' title='bbox 519 1137 614 1170; x_wconf 81' lang='lat' dir='ltr'><strong>erat,</strong></span> <span class='ocrx_word' id='word_1_176' title='bbox 640 1127 747 1162; x_wconf 80' lang='lat' dir='ltr'><strong>facile</strong></span> <span class='ocrx_word' id='word_1_177' title='bbox 761 1129 842 1175; x_wconf 84' lang='lat' dir='ltr'><strong>quis</strong></span> <span class='ocrx_word' id='word_1_178' title='bbox 857 1129 1000 1174; x_wconf 79' lang='lat' dir='ltr'><strong>opinari</strong></span> <span class='ocrx_word' id='word_1_179' title='bbox 1011 1129 1131 1175; x_wconf 87' lang='lat' dir='ltr'><strong>potuit</strong></span> <span class='ocrx_word' id='word_1_180' title='bbox 1142 1129 1182 1163; x_wconf 87' lang='lat' dir='ltr'><strong>in</strong></span> <span class='ocrx_word' id='word_1_181' title='bbox 1188 1128 1391 1164; x_wconf 84' lang='lat' dir='ltr'><strong>Messenia</strong></span> <span class='ocrx_word' id='word_1_182' title='bbox 1381 1142 1459 1176; x_wconf 74' lang='lat' dir='ltr'><strong>ipsa</strong></span> <span class='ocrx_word' id='word_1_183' title='bbox 1473 1129 1622 1177; x_wconf 82' lang='lat' dir='ltr'><strong>ejusque</strong></span> 
     </span>
     <span class='ocr_line' id='line_1_19' title="bbox 150 1183 1624 1237; baseline 0 -12"><span class='ocrx_word' id='word_1_184' title='bbox 150 1187 243 1228; x_wconf 83' lang='lat' dir='ltr'><strong>urbe</strong></span> <span class='ocrx_word' id='word_1_185' title='bbox 257 1186 358 1224; x_wconf 90' lang='lat' dir='ltr'><strong>bello</strong></span> <span class='ocrx_word' id='word_1_186' title='bbox 375 1185 511 1237; x_wconf 84' lang='lat' dir='ltr'><strong>inclyta</strong></span> <span class='ocrx_word' id='word_1_187' title='bbox 524 1195 653 1222; x_wconf 86' lang='lat' dir='ltr'><strong>natum</strong></span> <span class='ocrx_word' id='word_1_188' title='bbox 667 1198 754 1223; x_wconf 88' lang='lat' dir='ltr'><strong>esse.</strong></span> <span class='ocrx_word' id='word_1_189' title='bbox 806 1183 848 1222; x_wconf 88' lang='lat' dir='ltr'><strong>Si</strong></span> <span class='ocrx_word' id='word_1_190' title='bbox 861 1183 964 1235; x_wconf 91' lang='lat' dir='ltr'><strong>quod</strong></span> <span class='ocrx_word' id='word_1_191' title='bbox 980 1184 1115 1223; x_wconf 87' lang='lat' dir='ltr'><strong>deinde</strong></span> <span class='ocrx_word' id='word_1_192' title='bbox 1130 1183 1261 1223; x_wconf 86' lang='lat' dir='ltr'><strong>suidas</strong></span> <span class='ocrx_word' id='word_1_193' title='bbox 1276 1196 1398 1223; x_wconf 89' lang='lat' dir='ltr'><strong>narrat</strong></span> <span class='ocrx_word' id='word_1_194' title='bbox 1414 1201 1542 1225; x_wconf 86' lang='lat' dir='ltr'><strong>verum</strong></span> <span class='ocrx_word' id='word_1_195' title='bbox 1560 1198 1624 1235; x_wconf 89' lang='lat' dir='ltr'><strong>est,</strong></span> 
     </span>
     <span class='ocr_line' id='line_1_20' title="bbox 150 1245 1624 1297; baseline 0.001 -12"><span class='ocrx_word' id='word_1_196' title='bbox 150 1247 322 1287; x_wconf 83' lang='lat' dir='ltr'><strong>videtur</strong></span> <span class='ocrx_word' id='word_1_197' title='bbox 312 1257 362 1294; x_wconf 81' lang='lat' dir='ltr'><strong>1ta</strong></span> <span class='ocrx_word' id='word_1_198' title='bbox 374 1245 654 1297; x_wconf 82' lang='lat' dir='ltr'><strong>intelligendum</strong></span> <span class='ocrx_word' id='word_1_199' title='bbox 669 1259 764 1283; x_wconf 87' lang='lat' dir='ltr'><strong>esse:</strong></span> <span class='ocrx_word' id='word_1_200' title='bbox 790 1247 990 1285; x_wconf 74' lang='lat' dir='ltr'><strong>Rhianum</strong></span> <span class='ocrx_word' id='word_1_201' title='bbox 1006 1255 1124 1284; x_wconf 85' lang='lat' dir='ltr'><strong>antea</strong></span> <span class='ocrx_word' id='word_1_202' title='bbox 1138 1261 1291 1286; x_wconf 70' lang='lat' dir='ltr'><strong>aer-vum</strong></span> <span class='ocrx_word' id='word_1_203' title='bbox 1299 1276 1312 1294; x_wconf 90' lang='lat'><em>,</em></span> <span class='ocrx_word' id='word_1_204' title='bbox 1339 1251 1477 1285; x_wconf 81' lang='lat' dir='ltr'><strong>deinde</strong></span> <span class='ocrx_word' id='word_1_205' title='bbox 1493 1257 1624 1286; x_wconf 86' lang='lat' dir='ltr'><strong>autem</strong></span> 
     </span>
     <span class='ocr_line' id='line_1_21' title="bbox 150 1308 1656 1356; baseline -0.001 -10"><span class='ocrx_word' id='word_1_206' title='bbox 150 1310 447 1352; x_wconf 70' lang='lat' dir='ltr'><strong>manumissum,</strong></span> <span class='ocrx_word' id='word_1_207' title='bbox 481 1308 711 1356; x_wconf 71' lang='lat' dir='ltr'><strong>palaestrae</strong></span> <span class='ocrx_word' id='word_1_208' title='bbox 738 1308 985 1355; x_wconf 76' lang='lat' dir='ltr'><strong>praefectum</strong></span> <span class='ocrx_word' id='word_1_209' title='bbox 1015 1320 1081 1343; x_wconf 74' lang='lat' dir='ltr'><strong>seu</strong></span> <span class='ocrx_word' id='word_1_210' title='bbox 1116 1310 1311 1345; x_wconf 67' lang='lat' dir='ltr'><strong>custodem</strong></span> <span class='ocrx_word' id='word_1_211' title='bbox 1333 1310 1495 1356; x_wconf 81' lang='lat' dir='ltr'><strong>factum</strong></span> <span class='ocrx_word' id='word_1_212' title='bbox 1531 1322 1622 1345; x_wconf 69' lang='lat' dir='ltr'><strong>esse.</strong></span> <span class='ocrx_word' id='word_1_213' title='bbox 1650 1333 1656 1337; x_wconf 79' lang='lat'><em>-</em></span> 
     </span>
     <span class='ocr_line' id='line_1_22' title="bbox 150 1364 1623 1421; baseline -0.001 -17"><span class='ocrx_word' id='word_1_214' title='bbox 150 1366 252 1404; x_wconf 85' lang='lat' dir='ltr'><strong>Num</strong></span> <span class='ocrx_word' id='word_1_215' title='bbox 265 1364 591 1418; x_wconf 77' lang='grc' dir='ltr'><strong>παλαιστροφύλαξ</strong></span> <span class='ocrx_word' id='word_1_216' title='bbox 611 1364 713 1421; x_wconf 73' lang='lat' dir='ltr'><strong>idem</strong></span> <span class='ocrx_word' id='word_1_217' title='bbox 728 1365 837 1401; x_wconf 85' lang='lat' dir='ltr'><strong>fuerit</strong></span> <span class='ocrx_word' id='word_1_218' title='bbox 854 1365 918 1414; x_wconf 91' lang='lat' dir='ltr'><strong>qui</strong></span> <span class='ocrx_word' id='word_1_219' title='bbox 935 1365 1140 1415; x_wconf 85' lang='lat' dir='ltr'><strong>xystarcba,</strong></span> <span class='ocrx_word' id='word_1_220' title='bbox 1168 1365 1271 1415; x_wconf 91' lang='lat' dir='ltr'><strong>quod</strong></span> <span class='ocrx_word' id='word_1_221' title='bbox 1295 1366 1510 1416; x_wconf 84' lang='lat' dir='ltr'><strong>opinabatur</strong></span> <span class='ocrx_word' id='word_1_222' title='bbox 1523 1366 1623 1404; x_wconf 89' lang='lat' dir='ltr'><strong>Mer-</strong></span> 
     </span>
     <span class='ocr_line' id='line_1_23' title="bbox 152 1422 1622 1475; baseline -0.001 -11"><span class='ocrx_word' id='word_1_223' title='bbox 152 1426 296 1464; x_wconf 82' lang='lat' dir='ltr'><strong>curialis</strong></span> <span class='ocrx_word' id='word_1_224' title='bbox 307 1423 385 1462; x_wconf 84' lang='lat' dir='ltr'><strong>Art.</strong></span> <span class='ocrx_word' id='word_1_225' title='bbox 397 1423 650 1475; x_wconf 76' lang='lat' dir='ltr'><strong>Gymn.I,12,</strong></span> <span class='ocrx_word' id='word_1_226' title='bbox 675 1422 776 1459; x_wconf 88' lang='lat' dir='ltr'><strong>hunc</strong></span> <span class='ocrx_word' id='word_1_227' title='bbox 800 1423 1053 1475; x_wconf 82' lang='lat' dir='ltr'><strong>(xystarcham)</strong></span> <span class='ocrx_word' id='word_1_228' title='bbox 1079 1424 1203 1462; x_wconf 84' lang='lat' dir='ltr'><strong>dicens</strong></span> <span class='ocrx_word' id='word_1_229' title='bbox 1214 1425 1382 1475; x_wconf 79' lang='lat' dir='ltr'><strong>plurium</strong></span> <span class='ocrx_word' id='word_1_230' title='bbox 1399 1426 1622 1463; x_wconf 85' lang='lat' dir='ltr'><strong>exercitatio-</strong></span> 
     </span>
     <span class='ocr_line' id='line_1_24' title="bbox 152 1480 1623 1533; baseline 0 -10"><span class='ocrx_word' id='word_1_231' title='bbox 152 1499 242 1523; x_wconf 89' lang='lat' dir='ltr'><strong>num</strong></span> <span class='ocrx_word' id='word_1_232' title='bbox 254 1483 539 1531; x_wconf 86' lang='lat' dir='ltr'><strong>moderatorem,</strong></span> <span class='ocrx_word' id='word_1_233' title='bbox 553 1480 805 1533; x_wconf 82' lang='lat' dir='ltr'><strong>victorumque</strong></span> <span class='ocrx_word' id='word_1_234' title='bbox 820 1493 856 1520; x_wconf 83' lang='lat' dir='ltr'><strong>et</strong></span> <span class='ocrx_word' id='word_1_235' title='bbox 867 1483 1031 1520; x_wconf 87' lang='lat' dir='ltr'><strong>omnium</strong></span> <span class='ocrx_word' id='word_1_236' title='bbox 1043 1485 1290 1533; x_wconf 85' lang='lat' dir='ltr'><strong>praemiorum</strong></span> <span class='ocrx_word' id='word_1_237' title='bbox 1304 1484 1623 1523; x_wconf 85' lang='lat' dir='ltr'><strong>decernendorum</strong></span> 
     </span>
     <span class='ocr_line' id='line_1_25' title="bbox 152 1542 1623 1596; baseline 0.001 -14"><span class='ocrx_word' id='word_1_238' title='bbox 152 1544 313 1595; x_wconf 87' lang='lat' dir='ltr'><strong>judicem</strong></span> <span class='ocrx_word' id='word_1_239' title='bbox 336 1544 464 1591; x_wconf 85' lang='lat' dir='ltr'><strong>fuisse,</strong></span> <span class='ocrx_word' id='word_1_240' title='bbox 499 1555 536 1582; x_wconf 84' lang='lat' dir='ltr'><strong>et</strong></span> <span class='ocrx_word' id='word_1_241' title='bbox 556 1544 752 1593; x_wconf 86' lang='lat' dir='ltr'><strong>palaestrae</strong></span> <span class='ocrx_word' id='word_1_242' title='bbox 774 1542 973 1593; x_wconf 87' lang='lat' dir='ltr'><strong>[publicae]</strong></span> <span class='ocrx_word' id='word_1_243' title='bbox 998 1557 1122 1581; x_wconf 83' lang='lat' dir='ltr'><strong>euram</strong></span> <span class='ocrx_word' id='word_1_244' title='bbox 1147 1543 1336 1591; x_wconf 86' lang='lat' dir='ltr'><strong>habuisse,</strong></span> <span class='ocrx_word' id='word_1_245' title='bbox 1370 1545 1623 1596; x_wconf 88' lang='lat' dir='ltr'><strong>quaerendum</strong></span> 
     </span>
     <span class='ocr_line' id='line_1_26' title="bbox 106 1602 1622 1657; baseline -0.001 -13"><span class='ocrx_word' id='word_1_246' title='bbox 106 1631 108 1633; x_wconf 97' lang='lat'>-</span> <span class='ocrx_word' id='word_1_247' title='bbox 153 1605 316 1651; x_wconf 85' lang='lat' dir='ltr'><strong>videtur,</strong></span> <span class='ocrx_word' id='word_1_248' title='bbox 335 1602 440 1641; x_wconf 81' lang='lat' dir='ltr'><strong>illud</strong></span> <span class='ocrx_word' id='word_1_249' title='bbox 446 1614 566 1642; x_wconf 88' lang='lat' dir='ltr'><strong>autem</strong></span> <span class='ocrx_word' id='word_1_250' title='bbox 586 1603 693 1643; x_wconf 87' lang='lat' dir='ltr'><strong>valde</strong></span> <span class='ocrx_word' id='word_1_251' title='bbox 710 1603 880 1649; x_wconf 88' lang='lat' dir='ltr'><strong>dubium,</strong></span> <span class='ocrx_word' id='word_1_252' title='bbox 906 1603 1009 1653; x_wconf 90' lang='lat' dir='ltr'><strong>quod</strong></span> <span class='ocrx_word' id='word_1_253' title='bbox 1022 1604 1191 1640; x_wconf 88' lang='lat' dir='ltr'><strong>nonnulli</strong></span> <span class='ocrx_word' id='word_1_254' title='bbox 1206 1604 1458 1652; x_wconf 83' lang='lat' dir='ltr'><strong>erediderunt,</strong></span> <span class='ocrx_word' id='word_1_255' title='bbox 1486 1617 1622 1657; x_wconf 84' lang='lat' dir='ltr'><strong>xystar-</strong></span> 
     </span>
    </p>

    <p class='ocr_par' dir='ltr' id='par_1_6' title="bbox 155 1660 1623 1715">
     <span class='ocr_line' id='line_1_27' title="bbox 155 1660 1623 1715; baseline -0.001 -11"><span class='ocrx_word' id='word_1_256' title='bbox 155 1665 269 1706; x_wconf 81' lang='lat' dir='ltr'><strong>cham</strong></span> <span class='ocrx_word' id='word_1_257' title='bbox 282 1677 360 1702; x_wconf 90' lang='lat' dir='ltr'><strong>non</strong></span> <span class='ocrx_word' id='word_1_258' title='bbox 376 1660 560 1702; x_wconf 83' lang='lat' dir='ltr'><strong>diversum</strong></span> <span class='ocrx_word' id='word_1_259' title='bbox 577 1664 686 1702; x_wconf 86' lang='lat' dir='ltr'><strong>fuisse</strong></span> <span class='ocrx_word' id='word_1_260' title='bbox 705 1678 725 1700; x_wconf 89' lang='lat' dir='ltr'><strong>a</strong></span> <span class='ocrx_word' id='word_1_261' title='bbox 742 1663 1013 1715; x_wconf 79' lang='lat' dir='ltr'><strong>gymnasiarcha</strong></span> <span class='ocrx_word' id='word_1_262' title='bbox 1029 1663 1216 1713; x_wconf 82' lang='lat' dir='ltr'><strong>(cf.Pe1·iz.</strong></span> <span class='ocrx_word' id='word_1_263' title='bbox 1233 1664 1279 1701; x_wconf 87' lang='lat' dir='ltr'><strong>ad</strong></span> <span class='ocrx_word' id='word_1_264' title='bbox 1292 1664 1434 1702; x_wconf 87' lang='lat' dir='ltr'><strong>Aelian.</strong></span> <span class='ocrx_word' id='word_1_265' title='bbox 1450 1664 1498 1701; x_wconf 87' lang='lat' dir='ltr'><strong>V.</strong></span> <span class='ocrx_word' id='word_1_266' title='bbox 1515 1665 1563 1701; x_wconf 92' lang='grc' dir='ltr'><strong>Η.</strong></span> <span class='ocrx_word' id='word_1_267' title='bbox 1575 1665 1623 1712; x_wconf 91' lang='lat'><strong>11,</strong></span> 
     </span>
    </p>
   </div>
   <div class='ocr_carea' id='block_1_5' title="bbox 90 1722 1622 1776">
    <p class='ocr_par' dir='ltr' id='par_1_7' title="bbox 90 1722 1622 1776">
     <span class='ocr_line' id='line_1_28' title="bbox 90 1722 1622 1776; baseline -0.001 -13"><span class='ocrx_word' id='word_1_268' title='bbox 90 1772 93 1773; x_wconf 19' lang='lat'><em>⁷</em></span> <span class='ocrx_word' id='word_1_269' title='bbox 154 1728 212 1776; x_wconf 86' lang='lat'><strong>6),</strong></span> <span class='ocrx_word' id='word_1_270' title='bbox 236 1739 351 1775; x_wconf 89' lang='lat' dir='ltr'><strong>quum</strong></span> <span class='ocrx_word' id='word_1_271' title='bbox 367 1724 688 1776; x_wconf 84' lang='lat' dir='ltr'><strong>gymnasiarchae</strong></span> <span class='ocrx_word' id='word_1_272' title='bbox 677 1738 717 1761; x_wconf 87' lang='lat' dir='ltr'><strong>m</strong></span> <span class='ocrx_word' id='word_1_273' title='bbox 734 1736 887 1760; x_wconf 85' lang='lat' dir='ltr'><strong>numero</strong></span> <span class='ocrx_word' id='word_1_274' title='bbox 906 1722 1152 1763; x_wconf 77' lang='grc' dir='ltr'><strong><em>δαπανώντων</em></strong></span> <span class='ocrx_word' id='word_1_275' title='bbox 1168 1728 1222 1771; x_wconf 84' lang='grc' dir='ltr'><strong>εἰς</strong></span> <span class='ocrx_word' id='word_1_276' title='bbox 1239 1724 1285 1763; x_wconf 82' lang='grc' dir='ltr'><strong>τὰ</strong></span> <span class='ocrx_word' id='word_1_277' title='bbox 1302 1724 1463 1776; x_wconf 84' lang='grc' dir='ltr'><strong>δημόσια</strong></span> <span class='ocrx_word' id='word_1_278' title='bbox 1481 1725 1622 1763; x_wconf 84' lang='lat' dir='ltr'><strong>fuerint</strong></span> 
     </span>
    </p>
   </div>
   <div class='ocr_carea' id='block_1_6' title="bbox 154 1783 1622 2077">
    <p class='ocr_par' dir='ltr' id='par_1_8' title="bbox 154 1783 1622 2077">
     <span class='ocr_line' id='line_1_29' title="bbox 154 1783 1621 1838; baseline 0.001 -15"><span class='ocrx_word' id='word_1_279' title='bbox 154 1796 244 1823; x_wconf 87' lang='lat' dir='ltr'><strong>teste</strong></span> <span class='ocrx_word' id='word_1_280' title='bbox 259 1785 411 1822; x_wconf 85' lang='lat' dir='ltr'><strong>Polluce</strong></span> <span class='ocrx_word' id='word_1_281' title='bbox 427 1785 489 1820; x_wconf 91' lang='lat' dir='ltr'><strong>lib.</strong></span> <span class='ocrx_word' id='word_1_282' title='bbox 500 1783 565 1830; x_wconf 88' lang='grc' dir='ltr'><strong>ΠΙ,</strong></span> <span class='ocrx_word' id='word_1_283' title='bbox 583 1797 661 1833; x_wconf 85' lang='lat' dir='ltr'><strong>cap.</strong></span> <span class='ocrx_word' id='word_1_284' title='bbox 676 1785 710 1820; x_wconf 89' lang='grc'><strong>6.</strong></span> <span class='ocrx_word' id='word_1_285' title='bbox 763 1783 994 1834; x_wconf 89' lang='lat' dir='ltr'><strong>Quocunque</strong></span> <span class='ocrx_word' id='word_1_286' title='bbox 1012 1794 1131 1821; x_wconf 91' lang='lat' dir='ltr'><strong>autem</strong></span> <span class='ocrx_word' id='word_1_287' title='bbox 1148 1783 1263 1821; x_wconf 90' lang='lat' dir='ltr'><strong>modo</strong></span> <span class='ocrx_word' id='word_1_288' title='bbox 1282 1783 1329 1822; x_wconf 88' lang='lat' dir='ltr'><strong>de</strong></span> <span class='ocrx_word' id='word_1_289' title='bbox 1347 1785 1621 1838; x_wconf 81' lang='grc' dir='ltr'><strong>παλαιστροφύ-</strong></span> 
     </span>
     <span class='ocr_line' id='line_1_30' title="bbox 154 1843 1620 1897; baseline 0 -15"><span class='ocrx_word' id='word_1_290' title='bbox 154 1848 264 1892; x_wconf 68' lang='grc' dir='ltr'><strong>λαοιος</strong></span> <span class='ocrx_word' id='word_1_291' title='bbox 279 1858 430 1897; x_wconf 86' lang='lat' dir='ltr'><strong>munere</strong></span> <span class='ocrx_word' id='word_1_292' title='bbox 444 1843 642 1892; x_wconf 83' lang='lat' dir='ltr'><strong>judicetur,</strong></span> <span class='ocrx_word' id='word_1_293' title='bbox 667 1843 764 1881; x_wconf 84' lang='lat' dir='ltr'><strong>illud</strong></span> <span class='ocrx_word' id='word_1_294' title='bbox 782 1854 878 1882; x_wconf 85' lang='lat' dir='ltr'><strong>certe</strong></span> <span class='ocrx_word' id='word_1_295' title='bbox 900 1858 945 1881; x_wconf 88' lang='lat' dir='ltr'><strong>an</strong></span> <span class='ocrx_word' id='word_1_296' title='bbox 962 1844 1151 1881; x_wconf 81' lang='lat' dir='ltr'><strong>sordidum</strong></span> <span class='ocrx_word' id='word_1_297' title='bbox 1167 1846 1202 1882; x_wconf 86' lang='lat' dir='ltr'><strong>et</strong></span> <span class='ocrx_word' id='word_1_298' title='bbox 1217 1845 1256 1881; x_wconf 92' lang='lat' dir='ltr'><strong>in</strong></span> <span class='ocrx_word' id='word_1_299' title='bbox 1272 1844 1316 1881; x_wconf 87' lang='lat' dir='ltr'><strong>iis</strong></span> <span class='ocrx_word' id='word_1_300' title='bbox 1337 1845 1464 1892; x_wconf 83' lang='lat' dir='ltr'><strong>fuerit,</strong></span> <span class='ocrx_word' id='word_1_301' title='bbox 1491 1846 1620 1896; x_wconf 87' lang='lat' dir='ltr'><strong>quibus</strong></span> 
     </span>
     <span class='ocr_line' id='line_1_31' title="bbox 155 1900 1621 1954; baseline -0.001 -11"><span class='ocrx_word' id='word_1_302' title='bbox 155 1905 250 1944; x_wconf 80' lang='lat' dir='ltr'><strong>servi</strong></span> <span class='ocrx_word' id='word_1_303' title='bbox 281 1906 389 1942; x_wconf 88' lang='lat' dir='ltr'><strong>etiam</strong></span> <span class='ocrx_word' id='word_1_304' title='bbox 419 1900 534 1941; x_wconf 81' lang='lat' dir='ltr'><strong>functi</strong></span> <span class='ocrx_word' id='word_1_305' title='bbox 564 1904 652 1950; x_wconf 87' lang='lat' dir='ltr'><strong>sint,</strong></span> <span class='ocrx_word' id='word_1_306' title='bbox 675 1946 677 1949; x_wconf 89' lang='lat'>.</span> <span class='ocrx_word' id='word_1_307' title='bbox 694 1905 774 1953; x_wconf 88' lang='lat' dir='ltr'><strong>jure</strong></span> <span class='ocrx_word' id='word_1_308' title='bbox 806 1904 1002 1950; x_wconf 87' lang='lat' dir='ltr'><strong>dubitabit,</strong></span> <span class='ocrx_word' id='word_1_309' title='bbox 1045 1905 1108 1954; x_wconf 82' lang='lat' dir='ltr'><strong>qui</strong></span> <span class='ocrx_word' id='word_1_310' title='bbox 1140 1918 1330 1944; x_wconf 82' lang='lat' dir='ltr'><strong>servorum</strong></span> <span class='ocrx_word' id='word_1_311' title='bbox 1360 1906 1554 1943; x_wconf 87' lang='lat' dir='ltr'><strong>ministeria</strong></span> <span class='ocrx_word' id='word_1_312' title='bbox 1580 1906 1621 1942; x_wconf 86' lang='lat' dir='ltr'><strong>in</strong></span> 
     </span>
     <span class='ocr_line' id='line_1_32' title="bbox 155 1964 1622 2017; baseline -0.001 -14"><span class='ocrx_word' id='word_1_313' title='bbox 155 1965 340 2017; x_wconf 80' lang='lat' dir='ltr'><strong>palaestris</strong></span> <span class='ocrx_word' id='word_1_314' title='bbox 357 1964 596 2003; x_wconf 83' lang='lat' dir='ltr'><strong>aMercuriali</strong></span> <span class='ocrx_word' id='word_1_315' title='bbox 609 1965 634 2001; x_wconf 83' lang='lat' dir='ltr'><strong>l.</strong></span> <span class='ocrx_word' id='word_1_316' title='bbox 646 1978 677 2001; x_wconf 91' lang='lat' dir='ltr'><strong>c.</strong></span> <span class='ocrx_word' id='word_1_317' title='bbox 693 1965 869 2003; x_wconf 87' lang='lat' dir='ltr'><strong>recensita</strong></span> <span class='ocrx_word' id='word_1_318' title='bbox 884 1964 1175 2003; x_wconf 78' lang='lat' dir='ltr'><strong>consideraverit.</strong></span> <span class='ocrx_word' id='word_1_319' title='bbox 1228 1965 1354 2016; x_wconf 90' lang='lat' dir='ltr'><strong>Itaque</strong></span> <span class='ocrx_word' id='word_1_320' title='bbox 1369 1965 1532 2002; x_wconf 87' lang='lat' dir='ltr'><strong>Rhianus</strong></span> <span class='ocrx_word' id='word_1_321' title='bbox 1548 1968 1622 2016; x_wconf 87' lang='lat' dir='ltr'><strong>jam</strong></span> 
     </span>
     <span class='ocr_line' id='line_1_33' title="bbox 157 2024 1619 2077; baseline -0.001 -14"><span class='ocrx_word' id='word_1_322' title='bbox 157 2026 273 2063; x_wconf 90' lang='lat' dir='ltr'><strong>homo</strong></span> <span class='ocrx_word' id='word_1_323' title='bbox 297 2025 351 2063; x_wconf 86' lang='lat' dir='ltr'><strong>sui</strong></span> <span class='ocrx_word' id='word_1_324' title='bbox 372 2026 459 2074; x_wconf 85' lang='lat' dir='ltr'><strong>juris</strong></span> <span class='ocrx_word' id='word_1_325' title='bbox 482 2025 591 2065; x_wconf 81' lang='lat' dir='ltr'><strong>fuisse</strong></span> <span class='ocrx_word' id='word_1_326' title='bbox 609 2024 811 2064; x_wconf 86' lang='lat' dir='ltr'><strong>censendus</strong></span> <span class='ocrx_word' id='word_1_327' title='bbox 830 2035 902 2073; x_wconf 85' lang='lat' dir='ltr'><strong>est,</strong></span> <span class='ocrx_word' id='word_1_328' title='bbox 936 2039 1049 2076; x_wconf 88' lang='lat' dir='ltr'><strong>quum</strong></span> <span class='ocrx_word' id='word_1_329' title='bbox 1065 2026 1180 2065; x_wconf 74' lang='lat' dir='ltr'><strong>factus</strong></span> <span class='ocrx_word' id='word_1_330' title='bbox 1199 2037 1252 2066; x_wconf 82' lang='lat' dir='ltr'><strong>est</strong></span> <span class='ocrx_word' id='word_1_331' title='bbox 1278 2036 1396 2065; x_wconf 86' lang='lat' dir='ltr'><strong>custos</strong></span> <span class='ocrx_word' id='word_1_332' title='bbox 1412 2025 1619 2077; x_wconf 84' lang='lat' dir='ltr'><strong>palaestrae.</strong></span> 
     </span>
    </p>
   </div>
  </div>
 </body>
</html>
