1790 2271
761 122 1043 161 ...15-

163 219 199 257 vi
222 217 380 267 insignes
404 212 586 252 canendas
606 211 675 249 sibi
697 211 824 249 sumsit
844 209 1027 258 Rhianus,
1047 209 1227 262 'inprimis
1240 209 1320 250 Irae
1338 211 1641 264 expugnationem

164 290 201 316 et
214 291 307 327 quae
328 277 409 314 eam
428 283 581 325 sequuta
600 282 693 309 sunt.
745 270 791 308 Iu
811 271 942 321 quibus
967 270 1164 308 narrandis*
1180 271 1332 310 fortasse
1347 270 1540 310 Pausanias
1564 277 1641 323 eju»

164 338 253 387 legit
274 335 443 386 vestigia,
476 347 569 384 quae
592 332 747 369 maxime
768 331 808 368 in
829 330 988 369 Theocli
1002 331 1124 368 verbis
1139 343 1273 382 cap.21
1287 358 1298 378 ,
1322 332 1387 369 ubi
1412 332 1526 369 etiam-
1539 331 1644 372 more

165 397 311 448 poetico
326 395 534 433 Infinitivus
548 406 617 444 pro
633 391 853 464 Imperativo
868 391 1005 442 positus
1020 390 1060 428 in
1077 391 1240 429 clausula
1256 392 1390 430 exitum
1406 392 1518 434 refert
1533 390 1645 431 hen·

166 457 293 502 metri,
326 455 452 504 σωζειν
469 457 509 493 δὲ
531 456 594 492 καὶ
611 452 744 499 αὐτόν,
779 462 815 494 et
833 452 872 488 in
889 451 1001 506 ipsius
1014 450 1257 490 Aristomenis
1275 453 1441 497 oratione
1457 466 1488 489 c.
1502 465 1562 496 22.
1583 455 1644 490 25.

169 515 341 553 videntur
361 511 608 563 deprehendi.
635 526 678 548 ac
697 511 849 549 fortasse
865 510 998 548 eodem
1014 510 1172 561 pertinet
1186 511 1291 548 locus
1304 503 1594 580 &Aristomene
1610 522 1647 556 et

169 574 340 612 Theoclo
353 588 383 610 c.
396 586 456 612 21.
466 570 629 618 ἐπιόντες
640 571 708 623 τὴν
720 570 829 610 πόλιν
843 581 909 607 etc.
921 584 1014 619 quae
1032 557 1393 609 certeHomericlsIl.
1401 570 1477 618 IV,
1483 573 1552 608 251
1567 584 1647 620 sqq.

171 634 303 670 similia
321 642 414 669 sunt.
468 630 555 674 Quo
578 644 694 679 usque
719 640 840 666 autem
855 629 1019 666 Rhianus
1042 643 1100 667 res
1121 629 1389 667 Messeniorum
1410 639 1648 680 persequutus

171 693 216 730 sit
232 705 443 743 quanquam
458 703 534 729 non
549 700 688 741 potest,
709 702 824 740 quum
841 688 959 729 desint
977 689 1199 736 testimonia,
1226 689 1393 738 definiri,
1417 700 1540 727 tamen
1555 702 1649 740 quae

174 766 215 789 ea
234 752 281 788 de
297 765 336 799 re
355 751 540 800 proposita
557 760 611 788 est
629 749 754 797 opinio
772 749 889 797 qualis
906 750 952 785 sit
968 750 1092 786 licebit
1108 750 1213 786 nobis
1228 754 1412 799 quaerere.
1455 751 1649 786 Miillerue

174 811 272 849 enim
302 810 357 847 vir
384 816 667 858 summo'opere
692 807 799 844 nobis
831 807 1009 845 colendus
1042 808 1082 844 in
1103 808 1195 845 Dor.
1215 808 1245 854 1,
1270 810 1352 845 152.
1380 807 1578 858 significat,
1610 820 1650 843 se

175 869 350 918 suspicari
373 877 525 907 sextum
544 866 834 907 Messenicorum
860 866 994 906 Rhiani
1018 867 1154 905 librum
1176 867 1286 906 fuisse
1307 868 1504 904 ultimum.'
1545 866 1651 904 Idem

175 928 268 964 mihi
304 937 409 967 antea
443 926 582 975 placuit
606 926 768 975 putanti,
813 924 998 964 Rhianum
1032 925 1096 962 hic
1129 937 1286 963 extrema
1311 925 1552 963 Aristomenis
1579 925 1652 962 fata
1701 958 1706 961 μ

178 987 350 1033 cecinisse
372 986 411 1027 in
431 985 569 1029 Rhodo
593 985 729 1022 mortui
750 998 791 1021 ac
808 985 950 1035 sepulti.
1003 985 1198 1036 Reputanti
1222 985 1548 1025 autem'Rhianum
1574 998 1653 1022 non

176 1045 453 1097 Ἀριστομενικὰ
477 1045 545 1099 sed
562 1044 813 1094 Μεσσηνιακὰ
835 1045 1110 1094 conscripsisse,'
1141 1045 1332 1082 videbatur
1356 1045 1420 1082 ille
1444 1045 1537 1082 mihi
1557 1045 1654 1081 ultra

177 1104 421 1145 Aiistomenis
455 1114 596 1154 tempus
632 1103 847 1140 narrationis
882 1104 987 1143 filum
1021 1102 1212 1142 deduxisse
1245 1118 1361 1155 usque
1394 1103 1443 1142 ad
1474 1104 1655 1143 civitatem

178 1164 481 1205 Messeniorum'
471 1177 511 1201 ln
531 1163 789 1212 Peloponneso
811 1163 1012 1202 restitutam
1036 1173 1073 1198 et
1093 1164 1225 1204 urbem
1245 1164 1438 1200 Messenen
1459 1163 1655 1200 conditam

181 1222 297 1274 Quod
311 1232 361 1258 ut
389 1221 559 1271 opinarer
591 1220 647 1256 illi
672 1221 839 1262 fecerunt
864 1219 1060 1259 Pausaniae
1088 1220 1181 1266 loci,
1226 1220 1289 1257 ubi
1312 1232 1435 1259 narrat
1458 1220 1658 1260 Messenios

179 1281 373 1331 Naupacto
397 1280 582 1330 profectos
601 1279 648 1322 de
668 1279 842 1317 Oeniadis
864 1294 1041 1330 pugnasse
1064 1295 1148 1318 oum
1165 1280 1418 1321 Acarnanibus
1445 1296 1478 1320 c.
1493 1285 1560 1329 25,
1593 1283 1658 1319 uhi

181 1341 324 1382 somnia
345 1340 541 1386 Comanis,
574 1338 851 1390 Epaminondae
879 1349 915 1376 et
935 1339 1085 1390 Epitelis
1108 1340 1220 1379 refert
1240 1354 1271 1377 c.
1294 1343 1362 1387 26,
1395 1341 1458 1378 ubi
1487 1341 1533 1379 de
1551 1341 1660 1378 Dios-

184 1414 357 1438 curorum
384 1401 437 1437 ira
465 1400 504 1440 in
533 1399 735 1438 Messenios
764 1410 928 1449 suscepta
952 1409 988 1436 et
1017 1399 1199 1449 deposita,
1243 1411 1278 1437 et
1306 1400 1354 1438 de
1379 1401 1470 1438 urhe
1492 1400 1659 1439 Messene

184 1459 413 1503 aedificanda
436 1473 467 1499 c.
485 1471 543 1504 27.
562 1459 744 1508 loquitur;
785 1459 972 1507 inquibus
991 1459 1083 1496 mihi
1102 1459 1253 1497 videbar
1274 1460 1526 1497 luculentioris
1544 1473 1653 1511 expo-

184 1519 326 1564 sitionis
344 1518 493 1568 vestigia
508 1517 806 1561 animad-yertere.
859 1516 985 1567 Itaque
1008 1519 1132 1556 nescio
1156 1533 1202 1556 an
1227 1519 1330 1570 quod
1345 1519 1537 1566 Pausanias
1555 1534 1586 1556 c.
1600 1526 1659 1568 29.

185 1590 274 1617 extr.
308 1578 414 1627 dicit,
450 1591 490 1622 se
523 1577 699 1622 hactenus
723 1577 763 1613 in
788 1576 863 1620 hoc
891 1589 1020 1627 quarto
1047 1579 1143 1615 libro
1173 1579 1286 1616 multa
1311 1579 1661 1617 illa'Messeniorum

185 1638 386 1675 infortunia
420 1637 531 1688 sty107
547 1646 809 1686 pei-sequutum
843 1650 938 1682 esse,
987 1648 1022 1674 et
1055 1637 1368 1689 quemadmodum
1402 1651 1464 1676 eos
1497 1637 1662 1676 Deorum

187 1711 326 1735 numen
348 1698 387 1742 in
410 1707 720 1745 extremasterras
742 1707 860 1743 actos,
896 1708 931 1734 et
952 1698 991 1734 in
1010 1698 1091 1735 loca
1109 1712 1130 1735 a
1147 1698 1405 1749 Peloponneso
1424 1698 1662 1735 remotissima

183 1758 373 1807 ,dispersos
407 1757 446 1800 iu
478 1757 648 1806 pristinas
673 1756 778 1799 sedes
803 1756 1006 1804 reduxerit,
1048 1758 1149 1798 idem
1183 1759 1260 1797 fere
1291 1748 1521 1810 propositum
1552 1759 1663 1796 fuerit

184 1817 346 1862 'Rhianof
391 1816 465 1866 Qui
482 1818 512 1861 si
529 1817 621 1860 haec
639 1817 712 1853 suis
730 1818 938 1867 complexus
954 1819 1063 1858 fuerit
1072 1818 1305 1868 Messenicis,‘
1319 1819 1480 1868 plurium
1496 1832 1537 1855 ea
1552 1833 1662 1869 quam

185 1891 268 1922 ‚sex
291 1876 471 1929 librorum
509 1877 620 1920 fuisse
653 1877 844 1927 probabile
878 1889 940 1915 est.
1001 1878 1194 1919 Caeterum
1214 1877 1393 1917 ,Rhianus
1424 1877 1662 1917 Aristomenis

189 1936 416 1981 aetatem-ad
435 1937 524 1982 belli
547 1932 698 1981 secundi
718 1947 885 1987 tempora
908 1937 1101 1988 depressit,
1127 1939 1184 1976 ,in
1206 1951 1285 1988 >quo
1312 1951 1396 1975 eum
1415 1949 1588 1989 sequutus
1609 1949 1663 1977 est
1700 1970 1706 1973 .

190 1995 406 2041 Pausanias,
439 1997 502 2044 qui
518 2007 602 2041 „tum
618 1996 749 2047 Ardyn
767 1997 907 2048 Lydiae
932 2008 968 2040 et
984 1997 1189 2039 Phraorten
1211 1997 1408 2036 Medorum
1431 2013 1551 2049 reges,
1584 1992 1663 2036 tum

191 2052 433 2105 Damagetum
448 2054 640 2092 Rhodium
654 2055 675 2091 J
678 2057 766 2107 alysi
784 2067 906 2107 regem
923 2056 1166 2109 Aristomenis
1184 2057 1351 2108 aequales
1366 2057 1493 2096 habuit
1512 2060 1542 2096 c'.
1557 2061 1616 2105 24,
1632 2072 1662 2095 1.
