1790 2271
760 100 1050 139 ..πο-,-

162 190 240 232 Pal.
255 188 302 230 T.
313 190 395 242 I.‚p.
407 192 496 237 550.
515 188 672 229 obstabit
681 214 692 236 ,
716 199 793 240 quo
808 185 963 227 traditur
977 186 1099 239 aquila
1116 185 1225 238 hujus
1237 185 1643 235 Aristomeniuumuko

164 251 341 302 imposita*
369 250 510 297 dicere,
556 263 595 288 se
631 259 874 299 praestantem
901 248 1000 285 iuius
1040 248 1118 289 viri.
1144 247 1406 289 fortitudinem,
1427 251 1643 300 significate&

165 310 355 348 Jacohsius
386 320 502 361 negat,
524 323 563 347 se
593 309 718 356 scire,
743 323 834 348 num
859 321 993 347 revera.
1019 310 1105 357 ejus,
1124 307 1286 349 tumulus
1317 308 1446 359 aquil&
1463 309 1646 362 insidente

166 381 316 408 ornatus
334 370 466 419 fuerit3
493 383 586 420 quae
601 370 784 408 confessio
798 383 885 420 prae
900 382 938 407 se
954 368 1033 412 fert⁸
1043 367 1278 410 dubitationis
1292 369 1461 419 speeiem.
1500 368 1646 417 Qufldsi

166 430 242 468 hoc
256 431 359 472 nulla
376 443 482 467 causa
497 429 622 466 addita
637 430 677 466 in
693 429 1055 481 dubium,vocamns,
1079 427 1214 466 eodem
1227 432 1309 476 jure,
1328 428 1494 476 dubitare
1506 429 1646 482 licebit,

165 484 214 527 an
249 489 427 527 tumulus
444 489 504 526 vel
525 488 689 526 Platonis
712 489 852 540 aquila,
891 488 952 527 vel
979 486 1167 542 Teleutiae
1190 487 1320 536 leone,
1360 489 1421 528 vel
1450 483 1646 542 Sophoclis

165 548 295 587 Sirene
311 549 423 586 fuerit.
447 548 714 586 condecoratus
726 576 737 595 ,
762 562 970 599 quanquam
990 546 1057 584 has
1077 547 1212 598 effigies
1235 561 1363 585 eorum
1387 549 1560 598 sepulcris
1577 543 1647 586 ‘ad-'-

166 611 307 657 junctas
323 608 434 646 fuisse
451 608 613 659 legamus
627 608 667 645 in
681 607 791 659 Diog.
806 607 849 645 L.
859 607 924 655 IH,
938 609 1007 654 44,
1031 606 1071 643 in
1086 605 1202 643 Anth.
1214 606 1292 659 Pal.
1305 606 1351 644 Τ.
1359 607 1386 644 I.
1400 622 1436 659 p.
1447 610 1536 646 524.
1555 606 1646 645 ibid.

165 671 303 719 p.454.
322 678 358 707 et
374 668 414 705 in
433 682 562 719 graeca
575 669 649 708 vita
669 667 880 720 Sophoclis.
932 666 994 705 An
1008 667 1130 705 solum
1149 667 1265 705 leonis
1283 668 1427 719 signum
1443 668 1483 706 in
1498 667 1647 706 Thelm-

168 742 322 775 norum,
349 729 413 778 qui
438 729 478 765 in
505 729 582 766 acie
609 739 735 765 contra
749 728 962 778 Philippum
988 727 1214 774 ceciderant,
1239 729 1407 779 sepulcro
1431 743 1452 766 a
1471 728 1647 766 Pausania

168 788 236 836 IX,
260 791 324 835 40,
350 790 389 826 5.4
427 798 754 826 commemoratum
792 787 938 824 auribus
978 787 1112 824 nostris
1152 787 1265 825 fidem
1305 782 1431 835 faciet,
1472 788 1647 838 quoniam

169 848 315 886 nostris
341 848 579 898 temporibus-
597 862 681 898 pars
716 848 838 896 hujus·
855 847 967 897 ipsius
1004 847 1096 897 signi
1137 846 1289 886 detecta·
1314 849 1444 886 o'c'ulisi
1459 847 1646 887 cernitur?

168 907 441 954 Aristomenem
475 908 515 945 in
539 907 679 944 Rhodo
715 917 902 944 mortuum
933 907 1187 956 sepultumque
1219 920 1296 944 esse
1326 908 1430 947 inter,
1445 906 1646 945 Messenios

169 980 318 1018 quoque
344 978 512 1004 constans
537 967 634 1004 fama
657 967 745 1014 fuit,
786 966 850 1017 qui
878 966 917 1003 in
941 966 1046 1003 urbe·
1059 979 1128 1005 sua
1141 965 1309 1004 Messene
1334 966 1561 1017 sepulcrum·
1569 970 1646 1015 ejus

171 1026 405 1065 ostendentes
427 1027 641 1074 narrabant,
675 1040 713 1065 se
735 1029 811 1076 ejus
834 1032 915 1064 ossa
940 1039 973 1064 e
981 1024 1120 1063 Rhodo
1144 1024 1347 1098 deportata
1355 1025 1420 1064 hie
1439 1027 1649 1077 sepelivisse

169 1102 209 1126 v.
225 1087 333 1124 Paus.
358 1101 389 1124 c.
405 1090 467 1125 52.

248 1146 315 1183 His
333 1146 586 1196 adjungendus
607 1157 660 1185 est
678 1147 785 1184 locus
801 1145 1028 1196 StephaniB
1044 1161 1078 1184 v
1093 1146 1283 1194 Ἀνδανία,
1301 1147 1376 1184 uhi
1383 1147 1509 1197 gentili
1520 1146 1645 1186 :ivod-

170 1220 253 1253 νιος
278 1219 365 1243 usus
388 1219 464 1243 esse
491 1205 625 1242 dicitnr
645 1205 809 1242 Rhianus
832 1206 984 1242 fortasse
1008 1204 1055 1241 de
1076 1204 1326 1253 Aristomene,
1358 1206 1422 1256 qui
1440 1206 1646 1249 ibidem÷ex

170 1267 363 1314 Andania
379 1268 569 1302 oriundus
584 1264 749 1302 traditur.
800 1263 957 1301 Maxime
975 1274 1096 1302 autem
1106 1265 1245 1307 ,mirum
1259 1275 1312 1303 est
1325 1265 1426 1316 quod
1439 1265 1646 1317 Stephanus

172 1324 333 1370 addidit,
365 1326 665 1366 Aristomenem,
678 1325 1015 1363 Lacedaemonios
1041 1327 1199 1375 saepius
1227 1327 1278 1363 ab
1308 1340 1352 1363 eo
1378 1329 1500 1365 victos
1529 1341 1648 1378 quum

171 1388 330 1423 tandem
351 1387 559 1434 cepissent,
587 1387 916 1435 dissecuisseejus
930 1393 1104 1422 ventrem
1118 1393 1334 1434 aeu'pectus
1354 1388 1527 1433 visuros,
1553 1400 1647 1430 num

166 1458 271 1495 prae
293 1447 456 1481 caeteris
477 1446 632 1493 aliquid
652 1446 852 1492 singulare
873 1445 1058 1491 betheren
1090 1447 1281 1482 invenisse
1308 1453 1438 1483 autem
1451 1448 1647 1484 'intestina

170 1518 249 1550 non
264 1505 673 1551 naturalemformam
686 1503 873 1540 habentia
887 1511 925 1540 et
939 1517 1005 1540 cor
1020 1505 1222 1542 hirsutum.
1263 1503 1332 1541 Cui
1349 1505 1493 1543 fabulae
1502 1532 1514 1552 ,
1534 1519 1645 1555 quam

171 1562 366 1600 Pausanias
391 1575 477 1604 cum
494 1572 682 1599 contemtu
698 1562 955 1611 praetermisit,
981 1562 1042 1599 alii
1063 1573 1185 1600 tamen
1201 1564 1462 1614 repetiverunt,
1478 1563 1554 1607 ¹sed
1570 1566 1645 1612 jam

173 1622 322 1659 Coelius
335 1620 570 1672 Rhodiginus
585 1622 649 1658 lib.
659 1619 728 1668 IV,
743 1634 776 1658 c.
792 1623 850 1659 16.
864 1621 1037 1672 explosit,
1056 1621 1264 1673 Stephanus
1279 1634 1465 1675 tamquam
1474 1634 1644 1662 ,auctores

174 1681 278 1729 addit
291 1680 545 1729 Herodotum,
570 1681 810 1733 Plutarchum
831 1692 867 1719 et
881 1681 1079 1721 Rhianum.
1132 1682 1209 1721 Sed
1231 1697 1306 1735 quo
1330 1684 1443 1735 magis
1464 1694 1644 1734 appareat,

173 1756 285 1793 quam
301 1741 409 1780 valde
426 1740 520 1779 haec
532 1741 571 1779 in
586 1741 774 1793 Stephano
792 1752 962 1793 corrupta
977 1743 1048 1780 sint
1063 1754 1099 1782 et
1113 1758 1224 1794 quam
1237 1744 1332 1782 male
1348 1754 1551 1791 contracta,
1565 1744 1644 1794 ipsa

173 1802 310 1851 placuit
332 1800 482 1852 adjungi
504 1802 616 1840 verba
638 1801 831 1852 quomodo
855 1803 967 1853 vulgo
992 1803 1177 1853 leguntur:
1210 1808 1249 1843 ἐν
1269 1803 1405 1855 ταύτης
1421 1802 1645 1854 (Ἀνδανίας)
1663 1823 1666 1825 ·

171 1859 430 1913 Ἀριστομένης
446 1864 583 1910 ἐγένετο
602 1865 892 1915 ἐπιφανέστατος
908 1862 1127 1915 στρατηγός.
1154 1866 1286 1904 τοῦτον
1304 1867 1341 1902 οἱ
1354 1862 1645 1914 Λακεδαιμόνιοι

173 1918 352 1966 πολλάκις
375 1920 511 1969 αὐτοὺς
534 1921 759 1973 νικήσαντα
767 1921 1055 1972 θαυμάσαντες,
1099 1922 1150 1969 ὥς
1170 1922 1278 1972 μόλις
1303 1922 1509 1974 ἐκράτησαν
1532 1927 1572 1962 ἐν
1596 1925 1644 1978 τῇ

174 1982 448 2034 Μεσσηνιακῇ,
471 1980 713 2030 ἀνατεμόντες
730 1980 912 2028 ἐσκόπουν
935 1985 970 2020 εἰ
989 1979 1093 2033 παρὰ
1114 1980 1202 2028 τοὺς
1223 1981 1373 2029 λοιπούς
1394 1984 1475 2021 ἐστι’
1493 1997 1547 2021 τι.
1581 1985 1644 2021 καὶ

175 2035 282 2102 εὖρον
307 2037 517 2090 σπλάγχνον
533 2042 812 2097 ἐξηλλαγμένον,
846 2044 912 2082 καί
926 2040 995 2095 τὴν
1012 2043 1168 2094 καρδίαν
1188 2043 1358 2090 δασεῖαν,
1386 2043 1436 2091 ὡς
1446 2040 1644 2095 Ἡροδότος
