1790 2271
763 118 1048 160 —12—

164 238 173 244 .
243 204 290 243 II.
321 206 645 248 θΕΣΣΑΛΙΚΑ.
674 203 1026 254 >.1n·.liminethujus
1041 206 1218 257 poematis
1236 205 1479 257 fragmentum
1498 208 1638 259 idi-igne

169 264 217 303 de
246 265 389 315 priscis·
407 265 620 304 Thessaliae
628 269 639 303 ”.
656 265 865 305 nominibus
902 269 1103 316 ‘eorumque
1132 266 1339 305 auctoribus
1347 295 1372 313 ‚.
1401 265 1505 316 quod
1532 268 1651 306 nobis

167 324 381 363 scholiastes
408 325 458 362 ad
482 325 666 375 Apollou.
694 325 767 362 Rh.
783 325 857 372 111,
878 338 991 374 ,¹⁰90·
1017 326 1194 373 sedavit,
1231 325 1390 376 pom‘tum
1419 325 1542 363 fuisse.-
1557 332 1650 365 cum.
1690 330 1697 334 “

167 382 340 422 Jacobsio
353 384 607 439 existimamus.
625 419 627 423 .
645 384 711 423 Ad
718 385 882 424 'eundem
896 385 1025 425 locum
1031 384 1134 424 haud
1148 385 1430 437 dubie'respexit
1436 383 1644 436 Stephanus

166 443 209 480 B.
226 448 459 494 ν.Αἰμονιά,
485 446 550 483 ubi
573 445 675 483 idem
697 459 717 483 e
737 445 885 483 Rhiano
910 445 957 484 de
978 445 1147 496 Pelasgo,
1187 445 1379 487 Haemone
1403 459 1445 482 ac
1464 440 1645 483 Thessalo

168 505 318 540 affertur
338 504 414 540 hoc
431 517 508 541 uno
531 504 762 552 discrimine,
788 504 891 556 quod
906 504 1056 542 Haemo
1073 504 1215 555 Pelasgi
1231 518 1309 542 non
1331 505 1428 542 filius
1445 502 1511 541 sed
1529 504 1644 554 nepos

169 577 211 600 ex
231 556 311 600 filio
330 562 472 600 Chloro
496 563 723 614 perhibetur.
775 565 996 616 Quanquam
1018 575 1139 603 autem
1155 564 1338 619 Chlorum
1354 564 1644 614 Rhianusjgnoa

169 623 277 669 ravit,
305 634 426 660 tamen
440 623 671 674 Stephanum
688 624 751 661 hic
772 638 849 661 non
865 626 967 662 illico
990 625 1153 662 dicemus
1169 635 1383 675 corruptum
1401 637 1497 672 esse;
1530 636 1644 678 quum

167 682 267 721 enim
284 682 467 734 scripserit
479 683 529 732 ὥς
541 683 687 733 Ῥιανὸς
701 687 765 724 καὶ
783 684 891 724 ἄλλοι
897 715 910 733 ,
938 698 983 723 ex
1002 685 1079 722 istis
1098 684 1176 730 aliis
1194 683 1312 723 videri
1328 693 1447 735 potest
1462 682 1646 721 Chlorum

168 756 233 780 seu
249 743 366 780 simile
380 754 522 780 'nomen
534 744 741 781 inseruisse
787 747 932 789 Quarti
948 754 988 782 et
1001 748 1158 794 septimi
1172 745 1257 781 libri
1274 744 1350 781 duo
1368 754 1502 781 restant
1519 756 1644 783 venus

168 801 266 852 apud
290 801 520 851 Stephanum
541 801 583 838 B.
603 816 636 840 v.
653 805 893 849 Δωνεττῖνοι,
920 815 1013 852 quos
1032 803 1188 840 correxit
1213 802 1402 839 Jacobsius
1433 802 1474 842 in
1487 800 1646 841 Anthol-

167 876 221 912 gr.
243 860 289 898 Τ.
305 861 407 898 XIII.
431 876 468 911 p.
487 863 574 909 946.
626 861 671 899 In
699 861 822 912 priore
848 861 897 901 ἰδ’
927 864 1000 910 jam
1027 861 1160 911 legitur
1182 861 1222 898 in
1243 860 1339 898 Bibl.
1365 860 1476 898 Coisl.
1498 872 1539 911 p.
1560 862 1645 898 206.

167 920 314 958 Eodem
341 921 433 957 'loco
467 919 658 957 Jacobsius
693 934 840 962 versum
875 925 1011 971 quarti
1041 920 1139 962 libri
1154 919 1253 969 apud
1286 919 1516 970 Stephanum
1540 918 1584 959 Β.
1612 933 1644 957 v.

167 979 389 1033 Παραύαιοι
414 979 598 1022 emendam,
620 1005 623 1008 -
647 980 706 1018 De
732 982 972 1027 Paravaeis‚
1007 989 1114 1031 gente
1143 979 1402 1030 Thesprotica‚
1419 987 1470 1018 'v.
1487 978 1644 1034 Palma-s

169 1040 395 1083 Graec-,Ant-
410 1055 446 1090 p.
457 1043 544 1077 554.
560 1040 627 1077 sed
642 1041 705 1089 qui
720 1054 741 1076 a
751 1040 897 1076 Rhiano
913 1041 1021 1076 simul
1039 1040 1103 1076 bic
1121 1048 1454 1076 commemorantur
1472 1041 1645 1089 Ompha-

167 1102 307 1138 liemes
318 1099 492 1141 Thessali,
503 1100 661 1136 fuerunt.
689 1109 693 1113 '
713 1098 840 1135 Alium
857 1103 991 1149 quarti
1004 1099 1089 1136 libri
1105 1097 1473 1149 versumstephanus
1487 1097 1648 1139 Bsaffe'rt

168 1163 389 1208 v-Xaswoc,
426 1160 465 1195 in
489 1171 564 1207 quo
593 1173 678 1195 cum
702 1160 876 1195 Chaunis
904 1160 1078 1194 Cestreni
1103 1167 1142 1194 et
1163 1160 1273 1194 Elim·
1294 1166 1648 1205 commemorantum

169 1231 263 1268 quae
279 1230 406 1254 omnes
421 1216 594 1259 videntur
609 1226 734 1267 gentes
750 1215 860 1252 fuisse
869 1214 1141 1264 Thesproticae.
1181 1214 1254 1251 Pro
1263 1218 1468 1268 Κεστρηνοὶ
1477 1210 1645 1267 putamus

167 1281 363 1328 Κεστρῖνοι
379 1276 634 1323 scribendum3
670 1275 717 1311 de
735 1277 920 1312 Cestrinis
938 1289 971 1312 v.
985 1274 1155 1311 Palmerii
1173 1274 1302 1311 Graec.
1318 1274 1405 1313 An't.
1423 1290 1459 1326 p.
1474 1278 1548 1323 275
1566 1284 1644 1326 sqq.

169 1336 233 1373 Ad
251 1336 352 1373 hunc
372 1330 492 1383 autem
511 1335 733 1382 versiculum
752 1334 930 1384 respicere
950 1333 1179 1385 Stephanum
1199 1333 1241 1371 Β.
1258 1349 1291 1373 v.
1300 1334 1441 1375 Ἕλινοι
1455 1334 1644 1383 Jacobsius

168 1400 242 1445 jam
260 1396 524 1435 animadvertit.
573 1395 631 1434 Ex
664 1395 797 1434 eodem
819 1394 893 1431 hoc
917 1403 1058 1445 quarto
1086 1395 1182 1431 libro
1206 1394 1413 1445 Stephanus
1440 1396 1645 1437 testimonia

169 1457 339 1506 repetivit
352 1471 386 1494 v.
400 1456 609 1509 Ἀρκτᾶνες,
632 1459 822 1501 Γενοαῒοι,
844 1457 1029 1494 Κέλαιθοι
1036 1466 1050 1502 ,’
1068 1453 1296 1503 Ὑπαιλόχιοι
1311 1465 1347 1492 et
1362 1457 1561 1504 Συλίονες,
1580 1456 1645 1497 ubi

168 1531 251 1567 pars
269 1517 440 1555 versiculi
456 1526 596 1554 servata
610 1515 751 1565 legitur.
804 1512 884 1551 Hae
903 1527 991 1553 vero
1009 1525 1133 1565 gentes
1149 1515 1296 1552 fuerunt
1311 1513 1536 1562 Chaonicae,
1552 1515 1644 1553 -Mo·

169 1576 342 1622 lossicae‚
361 1575 623 1626 Thesproticae
639 1586 676 1613 et
690 1565 908 1624 Epiroticae.
959 1574 1004 1611 In
1020 1582 1159 1625 quarto
1177 1584 1212 1612 ct
1229 1577 1360 1625 quinto
1377 1575 1472 1612 libro
1479 1574 1645 1618 Rhianu's

171 1636 310 1674 dixerat
330 1632 392 1674 'de'
411 1637 632 1682 Etlmestis,
668 1645 775 1686 gente
797 1634 1029 1680 Thessalica,
1066 1647 1218 1684 eamque
1241 1635 1465 1673 nominatam
1490 1645 1579 1672 esse
1598 1634 1645 1672 de

168 1698 360 1733 Ethnesto
370 1723 384 1741 ,
404 1694 640 1744 Neoptolemi
654 1695 733 1732 filio
750 1693 967 1747 v⁶Stephan.
979 1693 1021 1729 B.
1031 1693 1069 1730 h.
1081 1709 1115 1732 v.
1154 1693 1260 1731 Idem
1269 1694 1475 1745 Stephanus
1491 1708 1533 1731 ex
1548 1694 1644 1730 libro

169 1755 279 1803 hujus
304 1755 424 1805 operis
449 1763 585 1793 octavo
610 1769 644 1793 v.
664 1754 854 1807 Ἀρτέμιτα
872 1754 947 1791 hoc
972 1753 1100 1792 habet:
1136 1758 1217 1794 ἔστι
1233 1757 1390 1806 πλησίον
1412 1757 1485 1794 τῶν·
1500 1753 1644 1800 Ὀξειῶν

168 1814 293 1867 νήσων
309 1818 425 1867 νῆσος
438 1813 646 1867 Ἀρτέμιτα.
676 1813 822 1861 Ῥιανὸς
842 1813 867 1867 ή
898 1813 1140 1854 Θεσσαλικῶν.

475 1873 618 1926 Νήσοις
639 1874 794 1930 Ὀξείῃσι
817 1876 880 1913 καὶ
901 1873 1087 1929 Ἀρτεμίτῃ
1112 1875 1320 1923 ἐπέβαλλον.

246 1932 372 1983 Vulgo
388 1933 518 1984 legitur
530 1934 713 1989 Ἀρτεμίῃ,
740 1933 807 1971 sed
825 1949 846 1973 τ
860 1934 986 1971 inserit
1001 1932 1131 1970 Strabo
1146 1933 1176 1980 I,
1193 1935 1241 1982 59
1260 1933 1364 1983 (159)
1384 1943 1423 1969 ut
1438 1932 1659 1984 Stephanus·

169 1994 208 2030 in
235 1992 548 2045 praecedentibus.
614 1994 689 2031 Has
712 1994 848 2042 Ὀξείας
876 1993 1013 2047 νήσους
1039 1992 1201 2031 ortelius
1228 1993 1268 2030 in
1298 1992 1488 2032 Thesauro
1520 2006 1642 2044 geogr.

169 2054 265 2092 male
277 2055 535 2105 interpretatur
549 2056 733 2096 Oxiorum
746 2058 932 2103 insulam,
950 2066 1065 2105 quum
1079 2054 1151 2091 sint
1159 2055 1389 2093 Echinades.
1441 2054 1495 2091 Ex
1511 2053 1642 2092 eodem
